<?xml version="1.0" encoding="UTF-8"?>
<!DOCTYPE html PUBLIC "-//W3C//DTD XHTML 1.0 Transitional//EN"
    "http://www.w3.org/TR/xhtml1/DTD/xhtml1-transitional.dtd">
<html xmlns="http://www.w3.org/1999/xhtml" xml:lang="en" lang="en">
 <head>
  <title>
</title>
<meta http-equiv="Content-Type" content="text/html;charset=utf-8" />
  <meta name='ocr-system' content='tesseract 3.04.00' />
  <meta name='ocr-capabilities' content='ocr_page ocr_carea ocr_par ocr_line ocrx_word'/>
</head>
<body>
  <div class='ocr_page' id='page_1' title='image "bibliothecamanu03valegoog_0014.png"; bbox 0 0 3338 5178; ppageno 0'>
   <div class='ocr_carea' id='block_1_1' title="bbox 111 493 1239 1987">
    <p class='ocr_par' dir='ltr' id='par_1_1' title="bbox 111 493 1239 792">
     <span class='ocr_line' id='line_1_1' title="bbox 111 493 1239 580; baseline 0.002 -22"><span class='ocrx_word' id='word_1_1' title='bbox 111 497 212 576; x_wconf 59' lang='lat' dir='ltr'><strong>pean,</strong></span> <span class='ocrx_word' id='word_1_2' title='bbox 235 493 284 554; x_wconf 88' lang='lat' dir='ltr'><strong>die</strong></span> <span class='ocrx_word' id='word_1_3' title='bbox 305 495 349 558; x_wconf 76' lang='grc'><strong>20</strong></span> <span class='ocrx_word' id='word_1_4' title='bbox 365 493 547 573; x_wconf 76' lang='lat' dir='ltr'><strong>decembris,</strong></span> <span class='ocrx_word' id='word_1_5' title='bbox 571 515 599 559; x_wconf 88' lang='lat' dir='ltr'><strong>a.</strong></span> <span class='ocrx_word' id='word_1_6' title='bbox 618 495 712 574; x_wconf 84' lang='lat'><strong>1439,</strong></span> <span class='ocrx_word' id='word_1_7' title='bbox 737 515 774 559; x_wconf 86' lang='lat' dir='ltr'><strong>ac</strong></span> <span class='ocrx_word' id='word_1_8' title='bbox 797 497 972 579; x_wconf 77' lang='lat' dir='ltr'><strong>ingreditur</strong></span> <span class='ocrx_word' id='word_1_9' title='bbox 994 497 1161 580; x_wconf 79' lang='lat' dir='ltr'><strong>collegium</strong></span> <span class='ocrx_word' id='word_1_10' title='bbox 1185 499 1239 560; x_wconf 91' lang='lat' dir='ltr'><strong>do-</strong></span> 
     </span>
     <span class='ocr_line' id='line_1_2' title="bbox 114 600 1239 689; baseline 0.001 -24"><span class='ocrx_word' id='word_1_11' title='bbox 114 609 226 665; x_wconf 86' lang='lat' dir='ltr'><strong>ctomm</strong></span> <span class='ocrx_word' id='word_1_12' title='bbox 243 603 274 662; x_wconf 91' lang='lat' dir='ltr'><strong>in</strong></span> <span class='ocrx_word' id='word_1_13' title='bbox 290 600 491 685; x_wconf 84' lang='lat' dir='ltr'><strong>erchigymn.</strong></span> <span class='ocrx_word' id='word_1_14' title='bbox 507 609 622 686; x_wconf 71' lang='lat' dir='ltr'><strong>petav,</strong></span> <span class='ocrx_word' id='word_1_15' title='bbox 639 609 793 687; x_wconf 77' lang='lat' dir='ltr'><strong>potestate</strong></span> <span class='ocrx_word' id='word_1_16' title='bbox 808 605 911 669; x_wconf 85' lang='lat' dir='ltr'><strong>Marco</strong></span> <span class='ocrx_word' id='word_1_17' title='bbox 927 607 1120 689; x_wconf 88' lang='lat' dir='ltr'><strong>Lippomano</strong></span> <span class='ocrx_word' id='word_1_18' title='bbox 1135 613 1168 668; x_wconf 89' lang='lat' dir='ltr'><strong>et</strong></span> <span class='ocrx_word' id='word_1_19' title='bbox 1183 605 1239 667; x_wconf 82' lang='lat' dir='ltr'><strong>Vi-</strong></span> 
     </span>
     <span class='ocr_line' id='line_1_3' title="bbox 115 711 636 792; baseline 0.004 -18"><span class='ocrx_word' id='word_1_20' title='bbox 115 712 163 774; x_wconf 86' lang='lat' dir='ltr'><strong>teli</strong></span> <span class='ocrx_word' id='word_1_21' title='bbox 179 711 281 774; x_wconf 85' lang='lat' dir='ltr'><strong>litiano</strong></span> <span class='ocrx_word' id='word_1_22' title='bbox 296 713 468 792; x_wconf 83' lang='lat' dir='ltr'><strong>capitaneo,</strong></span> <span class='ocrx_word' id='word_1_23' title='bbox 486 713 505 775; x_wconf 86' lang='lat' dir='ltr'><strong>i.</strong></span> <span class='ocrx_word' id='word_1_24' title='bbox 522 712 636 780; x_wconf 74' lang='lat'><strong>27-28.</strong></span> 
     </span>
    </p>

    <p class='ocr_par' dir='ltr' id='par_1_2' title="bbox 117 803 1237 1007">
     <span class='ocr_line' id='line_1_4' title="bbox 194 803 1237 888; baseline 0.003 -6"><span class='ocrx_word' id='word_1_25' title='bbox 194 837 232 882; x_wconf 84' lang='lat' dir='ltr'><strong>e·</strong></span> <span class='ocrx_word' id='word_1_26' title='bbox 256 821 379 884; x_wconf 75' lang='lat' dir='ltr'><strong>Proeto</strong></span> <span class='ocrx_word' id='word_1_27' title='bbox 393 820 518 883; x_wconf 88' lang='lat' dir='ltr'><strong>Henrioi</strong></span> <span class='ocrx_word' id='word_1_28' title='bbox 542 828 574 884; x_wconf 88' lang='lat' dir='ltr'><strong>et</strong></span> <span class='ocrx_word' id='word_1_29' title='bbox 589 820 749 886; x_wconf 82' lang='lat' dir='ltr'><strong>Michaelis</strong></span> <span class='ocrx_word' id='word_1_30' title='bbox 765 825 803 886; x_wconf 91' lang='lat' dir='ltr'><strong>de</strong></span> <span class='ocrx_word' id='word_1_31' title='bbox 819 803 1006 887; x_wconf 76' lang='lat' dir='ltr'><strong>Alamannia</strong></span> <span class='ocrx_word' id='word_1_32' title='bbox 1021 825 1188 888; x_wconf 83' lang='lat' dir='ltr'><strong>tentamini</strong></span> <span class='ocrx_word' id='word_1_33' title='bbox 1207 825 1237 886; x_wconf 87' lang='lat' dir='ltr'><strong>iu</strong></span> 
     </span>
     <span class='ocr_line' id='line_1_5' title="bbox 117 928 882 1007; baseline 0.005 -17"><span class='ocrx_word' id='word_1_34' title='bbox 117 931 175 992; x_wconf 88' lang='lat' dir='ltr'><strong>iure</strong></span> <span class='ocrx_word' id='word_1_35' title='bbox 188 929 338 991; x_wconf 87' lang='lat' dir='ltr'><strong>canonico</strong></span> <span class='ocrx_word' id='word_1_36' title='bbox 353 947 436 992; x_wconf 84' lang='lat' dir='ltr'><strong>euno</strong></span> <span class='ocrx_word' id='word_1_37' title='bbox 455 928 536 992; x_wconf 82' lang='lat'>1441</span> <span class='ocrx_word' id='word_1_38' title='bbox 554 929 774 1007; x_wconf 86' lang='lat' dir='ltr'><strong>subiectorum,</strong></span> <span class='ocrx_word' id='word_1_39' title='bbox 792 931 811 994; x_wconf 84' lang='lat' dir='ltr'><strong>i.</strong></span> <span class='ocrx_word' id='word_1_40' title='bbox 829 933 882 994; x_wconf 76' lang='lat' dir='ltr'><strong>bb.</strong></span> 
     </span>
    </p>

    <p class='ocr_par' dir='ltr' id='par_1_3' title="bbox 118 1035 1239 1227">
     <span class='ocr_line' id='line_1_6' title="bbox 196 1035 1239 1122; baseline 0.005 -26"><span class='ocrx_word' id='word_1_41' title='bbox 196 1035 225 1100; x_wconf 78' lang='lat' dir='ltr'><strong>t.</strong></span> <span class='ocrx_word' id='word_1_42' title='bbox 249 1035 417 1117; x_wconf 88' lang='lat' dir='ltr'><strong>Raphaelis</strong></span> <span class='ocrx_word' id='word_1_43' title='bbox 432 1037 574 1115; x_wconf 80' lang='lat' dir='ltr'><strong>Cumani,</strong></span> <span class='ocrx_word' id='word_1_44' title='bbox 598 1041 736 1121; x_wconf 77' lang='lat' dir='ltr'><strong>repetitio</strong></span> <span class='ocrx_word' id='word_1_45' title='bbox 758 1041 835 1122; x_wconf 75' lang='lat' dir='ltr'><strong>topia</strong></span> <span class='ocrx_word' id='word_1_46' title='bbox 857 1041 1123 1116; x_wconf 68' lang='lat' dir='ltr'><strong>olomucencis,</strong></span> <span class='ocrx_word' id='word_1_47' title='bbox 1147 1041 1239 1102; x_wconf 89' lang='lat' dir='ltr'><strong>titulo</strong></span> 
     </span>
     <span class='ocr_line' id='line_1_7' title="bbox 118 1145 953 1227; baseline 0.001 -18"><span class='ocrx_word' id='word_1_48' title='bbox 118 1147 148 1209; x_wconf 83' lang='lat' dir='ltr'><strong>dr</strong></span> <span class='ocrx_word' id='word_1_49' title='bbox 157 1145 266 1227; x_wconf 70' lang='lat' dir='ltr'><strong>paror,</strong></span> <span class='ocrx_word' id='word_1_50' title='bbox 282 1145 322 1205; x_wconf 87' lang='lat' dir='ltr'><strong>ad</strong></span> <span class='ocrx_word' id='word_1_51' title='bbox 337 1145 507 1208; x_wconf 73' lang='lat' dir='ltr'><strong>meandum</strong></span> <span class='ocrx_word' id='word_1_52' title='bbox 522 1145 637 1210; x_wconf 90' lang='lat' dir='ltr'><strong>librum</strong></span> <span class='ocrx_word' id='word_1_53' title='bbox 655 1148 791 1224; x_wconf 74' lang='lat' dir='ltr'><strong>mono,</strong></span> <span class='ocrx_word' id='word_1_54' title='bbox 801 1148 822 1210; x_wconf 82' lang='lat' dir='ltr'><strong>l.</strong></span> <span class='ocrx_word' id='word_1_55' title='bbox 839 1148 953 1211; x_wconf 83' lang='lat'><strong>84-86.</strong></span> 
     </span>
    </p>

    <p class='ocr_par' dir='ltr' id='par_1_4' title="bbox 119 1251 1237 1547">
     <span class='ocr_line' id='line_1_8' title="bbox 194 1251 1237 1335; baseline 0.004 -23"><span class='ocrx_word' id='word_1_56' title='bbox 194 1271 234 1335; x_wconf 73' lang='lat' dir='ltr'><strong>g.</strong></span> <span class='ocrx_word' id='word_1_57' title='bbox 258 1251 438 1332; x_wconf 81' lang='lat' dir='ltr'><strong>Disputatio</strong></span> <span class='ocrx_word' id='word_1_58' title='bbox 460 1252 568 1316; x_wconf 82' lang='lat' dir='ltr'><strong>liabite</strong></span> <span class='ocrx_word' id='word_1_59' title='bbox 589 1255 675 1318; x_wconf 77' lang='lat' dir='ltr'><strong>dies</strong></span> <span class='ocrx_word' id='word_1_60' title='bbox 698 1253 886 1332; x_wconf 77' lang='lat' dir='ltr'><strong>novembris,</strong></span> <span class='ocrx_word' id='word_1_61' title='bbox 910 1276 939 1318; x_wconf 84' lang='lat' dir='ltr'><strong>a.</strong></span> <span class='ocrx_word' id='word_1_62' title='bbox 958 1253 1053 1332; x_wconf 67' lang='lat'><strong>1272,</strong></span> <span class='ocrx_word' id='word_1_63' title='bbox 1077 1257 1115 1318; x_wconf 91' lang='lat' dir='ltr'><strong>de</strong></span> <span class='ocrx_word' id='word_1_64' title='bbox 1129 1256 1237 1318; x_wconf 74' lang='lat' dir='ltr'><strong>vendi</strong></span> 
     </span>
     <span class='ocr_line' id='line_1_9' title="bbox 119 1360 1236 1447; baseline 0.005 -25"><span class='ocrx_word' id='word_1_65' title='bbox 119 1363 191 1422; x_wconf 72' lang='lat' dir='ltr'><strong>tone</strong></span> <span class='ocrx_word' id='word_1_66' title='bbox 205 1379 299 1442; x_wconf 85' lang='lat' dir='ltr'><strong>qnam</strong></span> <span class='ocrx_word' id='word_1_67' title='bbox 316 1361 355 1423; x_wconf 78' lang='lat' dir='ltr'><strong>A.</strong></span> <span class='ocrx_word' id='word_1_68' title='bbox 372 1360 445 1423; x_wconf 83' lang='lat' dir='ltr'><strong>feeit</strong></span> <span class='ocrx_word' id='word_1_69' title='bbox 460 1363 501 1425; x_wconf 87' lang='lat' dir='ltr'><strong>B.</strong></span> <span class='ocrx_word' id='word_1_70' title='bbox 512 1363 611 1426; x_wconf 64' lang='lat' dir='ltr'><strong>»nnius</strong></span> <span class='ocrx_word' id='word_1_71' title='bbox 621 1366 725 1445; x_wconf 79' lang='lat' dir='ltr'><strong>pacina</strong></span> <span class='ocrx_word' id='word_1_72' title='bbox 738 1371 852 1442; x_wconf 67' lang='lat' dir='ltr'><strong>orrea</strong></span> <span class='ocrx_word' id='word_1_73' title='bbox 867 1365 937 1428; x_wconf 87' lang='lat' dir='ltr'><strong>iure</strong></span> <span class='ocrx_word' id='word_1_74' title='bbox 952 1365 1236 1447; x_wconf 66' lang='lat' dir='ltr'><strong>emphyteutioo&#39;in</strong></span> 
     </span>
     <span class='ocr_line' id='line_1_10' title="bbox 121 1469 1049 1547; baseline -0.002 -15"><span class='ocrx_word' id='word_1_75' title='bbox 121 1471 236 1532; x_wconf 79' lang='lat' dir='ltr'><strong>levorem</strong></span> <span class='ocrx_word' id='word_1_76' title='bbox 252 1469 630 1547; x_wconf 84' lang='lat' dir='ltr'><strong>ecelesiaenarbnnensis,</strong></span> <span class='ocrx_word' id='word_1_77' title='bbox 647 1472 668 1534; x_wconf 82' lang='lat' dir='ltr'><strong>f.</strong></span> <span class='ocrx_word' id='word_1_78' title='bbox 684 1471 760 1535; x_wconf 77' lang='lat' dir='ltr'><strong>alo.</strong></span> <span class='ocrx_word' id='word_1_79' title='bbox 1045 1518 1049 1530; x_wconf 89' lang='grc'><strong><em>,</em></strong></span> 
     </span>
    </p>

    <p class='ocr_par' dir='ltr' id='par_1_5' title="bbox 124 1576 1237 1987">
     <span class='ocr_line' id='line_1_11' title="bbox 194 1576 1236 1662; baseline 0.004 -22"><span class='ocrx_word' id='word_1_80' title='bbox 194 1576 237 1640; x_wconf 82' lang='lat' dir='ltr'><strong>h·</strong></span> <span class='ocrx_word' id='word_1_81' title='bbox 266 1578 454 1660; x_wconf 84' lang='lat' dir='ltr'><strong>Disputatio,</strong></span> <span class='ocrx_word' id='word_1_82' title='bbox 481 1581 634 1660; x_wconf 89' lang='lat' dir='ltr'><strong>quomodo</strong></span> <span class='ocrx_word' id='word_1_83' title='bbox 656 1581 721 1643; x_wconf 87' lang='lat' dir='ltr'><strong>sint</strong></span> <span class='ocrx_word' id='word_1_84' title='bbox 743 1581 837 1644; x_wconf 88' lang='lat' dir='ltr'><strong>dubie</strong></span> <span class='ocrx_word' id='word_1_85' title='bbox 859 1581 1007 1644; x_wconf 81' lang='lat' dir='ltr'><strong>solvende</strong></span> <span class='ocrx_word' id='word_1_86' title='bbox 1027 1601 1068 1643; x_wconf 80' lang='lat' dir='ltr'><strong>ex</strong></span> <span class='ocrx_word' id='word_1_87' title='bbox 1094 1601 1130 1644; x_wconf 87' lang='lat' dir='ltr'><strong>eo</strong></span> <span class='ocrx_word' id='word_1_88' title='bbox 1157 1583 1236 1662; x_wconf 86' lang='lat' dir='ltr'><strong>quod</strong></span> 
     </span>
     <span class='ocr_line' id='line_1_12' title="bbox 124 1687 1237 1771; baseline 0 -20"><span class='ocrx_word' id='word_1_89' title='bbox 124 1687 234 1764; x_wconf 79' lang='lat' dir='ltr'><strong>laelius,</strong></span> <span class='ocrx_word' id='word_1_90' title='bbox 258 1687 377 1750; x_wconf 85' lang='lat' dir='ltr'><strong>habens</strong></span> <span class='ocrx_word' id='word_1_91' title='bbox 392 1693 526 1768; x_wconf 85' lang='lat' dir='ltr'><strong>quatuor</strong></span> <span class='ocrx_word' id='word_1_92' title='bbox 541 1705 669 1764; x_wconf 88' lang='lat' dir='ltr'><strong>sorores,</strong></span> <span class='ocrx_word' id='word_1_93' title='bbox 686 1689 794 1752; x_wconf 72' lang='lat' dir='ltr'><strong>haemo</strong></span> <span class='ocrx_word' id='word_1_94' title='bbox 809 1689 992 1754; x_wconf 80' lang='lat' dir='ltr'><strong>universalis</strong></span> <span class='ocrx_word' id='word_1_95' title='bbox 1008 1697 1131 1771; x_wconf 78' lang='lat' dir='ltr'><strong>epatre</strong></span> <span class='ocrx_word' id='word_1_96' title='bbox 1146 1691 1237 1752; x_wconf 88' lang='lat' dir='ltr'><strong>insti-</strong></span> 
     </span>
     <span class='ocr_line' id='line_1_13' title="bbox 127 1796 1236 1873; baseline 0.001 -15"><span class='ocrx_word' id='word_1_97' title='bbox 127 1803 200 1873; x_wconf 78' lang='lat' dir='ltr'><strong>tutm,</strong></span> <span class='ocrx_word' id='word_1_98' title='bbox 226 1815 265 1859; x_wconf 84' lang='lat' dir='ltr'><strong>eo</strong></span> <span class='ocrx_word' id='word_1_99' title='bbox 287 1797 465 1860; x_wconf 86' lang='lat' dir='ltr'><strong>conditione</strong></span> <span class='ocrx_word' id='word_1_100' title='bbox 487 1815 527 1858; x_wconf 88' lang='lat' dir='ltr'><strong>ne</strong></span> <span class='ocrx_word' id='word_1_101' title='bbox 549 1796 631 1858; x_wconf 88' lang='lat' dir='ltr'><strong>bona</strong></span> <span class='ocrx_word' id='word_1_102' title='bbox 652 1796 859 1860; x_wconf 85' lang='lat' dir='ltr'><strong>haereditaria</strong></span> <span class='ocrx_word' id='word_1_103' title='bbox 881 1797 996 1862; x_wconf 86' lang='lat' dir='ltr'><strong>alienet</strong></span> <span class='ocrx_word' id='word_1_104' title='bbox 1017 1799 1116 1860; x_wconf 89' lang='lat' dir='ltr'><strong>donec</strong></span> <span class='ocrx_word' id='word_1_105' title='bbox 1138 1817 1236 1860; x_wconf 81' lang='lat' dir='ltr'><strong>annos</strong></span> 
     </span>
     <span class='ocr_line' id='line_1_14' title="bbox 130 1904 1154 1987; baseline -0.001 -19"><span class='ocrx_word' id='word_1_106' title='bbox 130 1906 236 1987; x_wconf 78' lang='lat' dir='ltr'><strong>triginta</strong></span> <span class='ocrx_word' id='word_1_107' title='bbox 253 1907 405 1987; x_wconf 83' lang='lat' dir='ltr'><strong>attingat,</strong></span> <span class='ocrx_word' id='word_1_108' title='bbox 422 1911 496 1967; x_wconf 88' lang='lat' dir='ltr'><strong>ante</strong></span> <span class='ocrx_word' id='word_1_109' title='bbox 510 1904 593 1966; x_wconf 87' lang='lat' dir='ltr'><strong>bene</strong></span> <span class='ocrx_word' id='word_1_110' title='bbox 608 1911 742 1969; x_wconf 82' lang='lat' dir='ltr'><strong>aetatem</strong></span> <span class='ocrx_word' id='word_1_111' title='bbox 758 1906 943 1982; x_wconf 82' lang='lat' dir='ltr'><strong>vendiderit,</strong></span> <span class='ocrx_word' id='word_1_112' title='bbox 960 1907 979 1968; x_wconf 77' lang='lat' dir='ltr'><strong>t</strong></span> <span class='ocrx_word' id='word_1_113' title='bbox 996 1905 1154 1972; x_wconf 74' lang='lat'><strong>220-226.</strong></span> 
     </span>
    </p>
   </div>
   <div class='ocr_carea' id='block_1_2' title="bbox 178 2073 1258 2205">
    <p class='ocr_par' dir='ltr' id='par_1_6' title="bbox 178 2073 1258 2205">
     <span class='ocr_line' id='line_1_15' title="bbox 178 2073 1258 2205; baseline -0.001 -16"><span class='ocrx_word' id='word_1_114' title='bbox 178 2117 428 2204; x_wconf 59' lang='lat' dir='ltr'><strong>manaan,</strong></span> <span class='ocrx_word' id='word_1_115' title='bbox 444 2133 536 2188; x_wconf 70' lang='lat' dir='ltr'><strong>aaa.</strong></span> <span class='ocrx_word' id='word_1_116' title='bbox 554 2117 645 2203; x_wconf 76' lang='lat' dir='ltr'><strong>xvir,</strong></span> <span class='ocrx_word' id='word_1_117' title='bbox 662 2135 693 2188; x_wconf 80' lang='lat' dir='ltr'><strong>a.</strong></span> <span class='ocrx_word' id='word_1_118' title='bbox 709 2117 785 2196; x_wconf 83' lang='lat' dir='ltr'><strong>ero,</strong></span> <span class='ocrx_word' id='word_1_119' title='bbox 802 2119 904 2189; x_wconf 80' lang='lat' dir='ltr'><strong>lara</strong></span> <span class='ocrx_word' id='word_1_120' title='bbox 922 2121 969 2204; x_wconf 80' lang='grc' dir='ltr'><strong>[ι.</strong></span> <span class='ocrx_word' id='word_1_121' title='bbox 986 2121 1022 2204; x_wconf 86' lang='grc' dir='ltr'><strong>ν,</strong></span> <span class='ocrx_word' id='word_1_122' title='bbox 1040 2073 1161 2205; x_wconf 70' lang='grc' dir='ltr'><strong>κ’κικ].</strong></span> <span class='ocrx_word' id='word_1_123' title='bbox 1256 2129 1258 2135; x_wconf 89' lang='lat'><em>·</em></span> 
     </span>
    </p>
   </div>
   <div class='ocr_carea' id='block_1_3' title="bbox 190 2327 1354 2420">
    <p class='ocr_par' dir='ltr' id='par_1_7' title="bbox 190 2327 1354 2420">
     <span class='ocr_line' id='line_1_16' title="bbox 190 2327 1354 2420; baseline 0.002 -20"><span class='ocrx_word' id='word_1_124' title='bbox 190 2338 288 2401; x_wconf 75' lang='lat' dir='ltr'><strong>Marci</strong></span> <span class='ocrx_word' id='word_1_125' title='bbox 310 2339 439 2400; x_wconf 77' lang='lat' dir='ltr'><strong>Antonii</strong></span> <span class='ocrx_word' id='word_1_126' title='bbox 455 2339 615 2420; x_wconf 84' lang='lat' dir='ltr'><strong>Peregrini</strong></span> <span class='ocrx_word' id='word_1_127' title='bbox 636 2346 669 2401; x_wconf 89' lang='lat' dir='ltr'><strong>at</strong></span> <span class='ocrx_word' id='word_1_128' title='bbox 684 2339 829 2419; x_wconf 76' lang='lat' dir='ltr'><strong>Casperia</strong></span> <span class='ocrx_word' id='word_1_129' title='bbox 845 2335 978 2414; x_wconf 82' lang='lat' dir='ltr'><strong>Leonici,</strong></span> <span class='ocrx_word' id='word_1_130' title='bbox 1002 2339 1236 2402; x_wconf 65' lang='lat' dir='ltr'><strong>mammatae</strong></span> <span class='ocrx_word' id='word_1_131' title='bbox 1349 2327 1354 2336; x_wconf 76' lang='grc'><strong>’</strong></span> 
     </span>
    </p>
   </div>
   <div class='ocr_carea' id='block_1_4' title="bbox 110 2445 1235 2740">
    <p class='ocr_par' dir='ltr' id='par_1_8' title="bbox 110 2445 1235 2740">
     <span class='ocr_line' id='line_1_17' title="bbox 116 2445 1235 2528; baseline 0.002 -22"><span class='ocrx_word' id='word_1_132' title='bbox 116 2445 225 2512; x_wconf 66' lang='lat' dir='ltr'><strong>aanor·</strong></span> <span class='ocrx_word' id='word_1_133' title='bbox 248 2447 497 2510; x_wconf 76' lang='lat' dir='ltr'><strong>comnustnrr‘oor</strong></span> <span class='ocrx_word' id='word_1_134' title='bbox 511 2449 547 2510; x_wconf 82' lang='lat' dir='ltr'><strong>ia</strong></span> <span class='ocrx_word' id='word_1_135' title='bbox 565 2450 702 2528; x_wconf 65' lang='lat' dir='ltr'><strong>pmoroor</strong></span> <span class='ocrx_word' id='word_1_136' title='bbox 718 2448 841 2528; x_wconf 76' lang='lat' dir='ltr'><strong>Diporti</strong></span> <span class='ocrx_word' id='word_1_137' title='bbox 862 2449 976 2512; x_wconf 74' lang='lat' dir='ltr'><strong>ootonb</strong></span> <span class='ocrx_word' id='word_1_138' title='bbox 994 2453 1124 2528; x_wconf 76' lang='lat' dir='ltr'><strong>portem.</strong></span> <span class='ocrx_word' id='word_1_139' title='bbox 1143 2449 1235 2527; x_wconf 78' lang='lat' dir='ltr'><strong>Opus</strong></span> 
     </span>
     <span class='ocr_line' id='line_1_18' title="bbox 112 2553 1234 2637; baseline 0.003 -21"><span class='ocrx_word' id='word_1_140' title='bbox 112 2555 253 2618; x_wconf 86' lang='lat' dir='ltr'><strong>edendnm</strong></span> <span class='ocrx_word' id='word_1_141' title='bbox 270 2557 555 2636; x_wconf 82' lang='lat' dir='ltr'><strong>paraverat‚’cradu‚</strong></span> <span class='ocrx_word' id='word_1_142' title='bbox 567 2553 728 2632; x_wconf 87' lang='lat' dir='ltr'><strong>Leonicus,</strong></span> <span class='ocrx_word' id='word_1_143' title='bbox 740 2559 794 2637; x_wconf 91' lang='lat' dir='ltr'><strong>qui</strong></span> <span class='ocrx_word' id='word_1_144' title='bbox 807 2555 935 2620; x_wconf 88' lang='lat' dir='ltr'><strong>titulum</strong></span> <span class='ocrx_word' id='word_1_145' title='bbox 948 2555 1095 2637; x_wconf 82' lang='lat' dir='ltr'><strong>praefecit</strong></span> <span class='ocrx_word' id='word_1_146' title='bbox 1104 2580 1111 2618; x_wconf 89' lang='lat'><strong>:</strong></span> <span class='ocrx_word' id='word_1_147' title='bbox 1120 2562 1144 2616; x_wconf 88' lang='lat'><strong>&#39;«</strong></span> <span class='ocrx_word' id='word_1_148' title='bbox 1158 2558 1234 2619; x_wconf 84' lang='lat' dir='ltr'><strong>Ber-</strong></span> 
     </span>
     <span class='ocr_line' id='line_1_19' title="bbox 110 2663 1233 2740; baseline 0.003 -17"><span class='ocrx_word' id='word_1_149' title='bbox 110 2664 191 2725; x_wconf 79' lang='lat' dir='ltr'><strong>»toli</strong></span> <span class='ocrx_word' id='word_1_150' title='bbox 207 2683 227 2726; x_wconf 90' lang='lat' dir='ltr'><strong>a</strong></span> <span class='ocrx_word' id='word_1_151' title='bbox 241 2663 451 2740; x_wconf 81' lang='lat' dir='ltr'><strong>Saxcfcrrato,</strong></span> <span class='ocrx_word' id='word_1_152' title='bbox 472 2665 549 2726; x_wconf 87' lang='lat' dir='ltr'><strong>luris</strong></span> <span class='ocrx_word' id='word_1_153' title='bbox 564 2665 706 2726; x_wconf 88' lang='lat' dir='ltr'><strong>lucernae</strong></span> <span class='ocrx_word' id='word_1_154' title='bbox 721 2683 758 2727; x_wconf 87' lang='lat' dir='ltr'><strong>ac</strong></span> <span class='ocrx_word' id='word_1_155' title='bbox 781 2663 1071 2728; x_wconf 86' lang='lat' dir='ltr'><strong>iurisconsultorum</strong></span> <span class='ocrx_word' id='word_1_156' title='bbox 1095 2667 1233 2728; x_wconf 88' lang='lat' dir='ltr'><strong>omnium</strong></span> 
     </span>
    </p>
   </div>
   <div class='ocr_carea' id='block_1_5' title="bbox 14 2773 1233 2855">
    <p class='ocr_par' dir='ltr' id='par_1_9' title="bbox 14 2773 1233 2855">
     <span class='ocr_line' id='line_1_20' title="bbox 14 2773 1233 2855; baseline 0.008 -27"><span class='ocrx_word' id='word_1_157' title='bbox 14 2819 15 2822; x_wconf 64' lang='grc'>,</span> <span class='ocrx_word' id='word_1_158' title='bbox 110 2773 334 2850; x_wconf 69' lang='lat' dir='ltr'><strong>»monarchae</strong></span> <span class='ocrx_word' id='word_1_159' title='bbox 357 2775 463 2836; x_wconf 84' lang='lat' dir='ltr'><strong>omnio</strong></span> <span class='ocrx_word' id='word_1_160' title='bbox 485 2791 564 2853; x_wconf 86' lang='lat' dir='ltr'><strong>qnae</strong></span> <span class='ocrx_word' id='word_1_161' title='bbox 579 2779 691 2835; x_wconf 78' lang='lat' dir='ltr'><strong>extant</strong></span> <span class='ocrx_word' id='word_1_162' title='bbox 705 2793 798 2854; x_wconf 85' lang='lat' dir='ltr'><strong>opera</strong></span> <span class='ocrx_word' id='word_1_163' title='bbox 822 2793 902 2836; x_wconf 86' lang='lat' dir='ltr'><strong>nova</strong></span> <span class='ocrx_word' id='word_1_164' title='bbox 919 2775 1126 2855; x_wconf 76' lang='lat' dir='ltr'><strong>.cmniumquc</strong></span> <span class='ocrx_word' id='word_1_165' title='bbox 1146 2793 1233 2838; x_wconf 86' lang='lat' dir='ltr'><strong>com·</strong></span> 
     </span>
    </p>
   </div>
   <div class='ocr_carea' id='block_1_6' title="bbox 94 2881 1234 4482">
    <p class='ocr_par' dir='ltr' id='par_1_10' title="bbox 94 2881 1234 4482">
     <span class='ocr_line' id='line_1_21' title="bbox 109 2881 1234 2964; baseline 0.005 -26"><span class='ocrx_word' id='word_1_166' title='bbox 109 2881 222 2963; x_wconf 71' lang='lat' dir='ltr'><strong>opleta</strong></span> <span class='ocrx_word' id='word_1_167' title='bbox 245 2881 435 2963; x_wconf 85' lang='lat' dir='ltr'><strong>compilatio,</strong></span> <span class='ocrx_word' id='word_1_168' title='bbox 462 2901 533 2944; x_wconf 90' lang='lat' dir='ltr'><strong>cum</strong></span> <span class='ocrx_word' id='word_1_169' title='bbox 558 2882 812 2963; x_wconf 75' lang='lat' dir='ltr'><strong>praeclarissimis</strong></span> <span class='ocrx_word' id='word_1_170' title='bbox 835 2882 1044 2946; x_wconf 81' lang='lat' dir='ltr'><strong>additionibus</strong></span> <span class='ocrx_word' id='word_1_171' title='bbox 1071 2884 1234 2964; x_wconf 89' lang='lat' dir='ltr'><strong>quamplu-</strong></span> 
     </span>
     <span class='ocr_line' id='line_1_22' title="bbox 110 2990 1233 3072; baseline 0.003 -25"><span class='ocrx_word' id='word_1_172' title='bbox 110 2993 218 3052; x_wconf 79' lang='lat' dir='ltr'><strong>»rinm</strong></span> <span class='ocrx_word' id='word_1_173' title='bbox 232 2990 565 3054; x_wconf 82' lang='lat' dir='ltr'><strong>excellentissimorum</strong></span> <span class='ocrx_word' id='word_1_174' title='bbox 589 2992 664 3054; x_wconf 86' lang='lat' dir='ltr'><strong>iuris</strong></span> <span class='ocrx_word' id='word_1_175' title='bbox 687 2993 894 3071; x_wconf 82' lang='lat' dir='ltr'><strong>interpretum</strong></span> <span class='ocrx_word' id='word_1_176' title='bbox 916 2991 949 3052; x_wconf 90' lang='lat' dir='ltr'><strong>in</strong></span> <span class='ocrx_word' id='word_1_177' title='bbox 965 2991 1034 3054; x_wconf 78' lang='lat' dir='ltr'><strong>alite</strong></span> <span class='ocrx_word' id='word_1_178' title='bbox 1057 2993 1233 3072; x_wconf 86' lang='lat' dir='ltr'><strong>impressio·</strong></span> 
     </span>
     <span class='ocr_line' id='line_1_23' title="bbox 111 3097 1233 3179; baseline -0.001 -19"><span class='ocrx_word' id='word_1_179' title='bbox 111 3099 229 3161; x_wconf 78' lang='lat' dir='ltr'><strong>»nibus</strong></span> <span class='ocrx_word' id='word_1_180' title='bbox 244 3099 347 3174; x_wconf 86' lang='lat' dir='ltr'><strong>editis,</strong></span> <span class='ocrx_word' id='word_1_181' title='bbox 363 3097 477 3178; x_wconf 88' lang='lat' dir='ltr'><strong>quibus</strong></span> <span class='ocrx_word' id='word_1_182' title='bbox 491 3117 576 3161; x_wconf 88' lang='lat' dir='ltr'><strong>nnnc</strong></span> <span class='ocrx_word' id='word_1_183' title='bbox 592 3099 729 3160; x_wconf 85' lang='lat' dir='ltr'><strong>adiectae</strong></span> <span class='ocrx_word' id='word_1_184' title='bbox 744 3105 819 3160; x_wconf 85' lang='lat' dir='ltr'><strong>sont</strong></span> <span class='ocrx_word' id='word_1_185' title='bbox 834 3099 1043 3174; x_wconf 88' lang='lat' dir='ltr'><strong>doctissimae,</strong></span> <span class='ocrx_word' id='word_1_186' title='bbox 1058 3099 1233 3179; x_wconf 69' lang='lat' dir='ltr'><strong>melundis·</strong></span> 
     </span>
     <span class='ocr_line' id='line_1_24' title="bbox 104 3206 1232 3290; baseline 0.004 -27"><span class='ocrx_word' id='word_1_187' title='bbox 104 3209 230 3270; x_wconf 76' lang='lat' dir='ltr'><strong>ssimae</strong></span> <span class='ocrx_word' id='word_1_188' title='bbox 246 3225 284 3270; x_wconf 86' lang='lat' dir='ltr'><strong>ac</strong></span> <span class='ocrx_word' id='word_1_189' title='bbox 296 3207 517 3290; x_wconf 86' lang='lat' dir='ltr'><strong>propemodum</strong></span> <span class='ocrx_word' id='word_1_190' title='bbox 535 3207 678 3270; x_wconf 82' lang='lat' dir='ltr'><strong>infinitae</strong></span> <span class='ocrx_word' id='word_1_191' title='bbox 689 3207 768 3270; x_wconf 81' lang='lat' dir='ltr'><strong>aliae</strong></span> <span class='ocrx_word' id='word_1_192' title='bbox 783 3207 954 3268; x_wconf 87' lang='lat' dir='ltr'><strong>additiones</strong></span> <span class='ocrx_word' id='word_1_193' title='bbox 965 3211 999 3268; x_wconf 91' lang='lat' dir='ltr'><strong>et</strong></span> <span class='ocrx_word' id='word_1_194' title='bbox 1008 3206 1232 3269; x_wconf 81' lang='lat' dir='ltr'><strong>declarationes</strong></span> 
     </span>
     <span class='ocr_line' id='line_1_25' title="bbox 101 3315 1231 3397; baseline 0.004 -25"><span class='ocrx_word' id='word_1_195' title='bbox 101 3317 374 3379; x_wconf 79' lang='lat' dir='ltr'><strong>»eminentissimi</strong></span> <span class='ocrx_word' id='word_1_196' title='bbox 391 3317 412 3378; x_wconf 89' lang='lat' dir='ltr'><strong>i.</strong></span> <span class='ocrx_word' id='word_1_197' title='bbox 430 3337 458 3378; x_wconf 92' lang='lat' dir='ltr'><strong>u.</strong></span> <span class='ocrx_word' id='word_1_198' title='bbox 475 3319 504 3378; x_wconf 91' lang='lat' dir='ltr'><strong>d.</strong></span> <span class='ocrx_word' id='word_1_199' title='bbox 521 3316 618 3378; x_wconf 84' lang='lat' dir='ltr'><strong>Marci</strong></span> <span class='ocrx_word' id='word_1_200' title='bbox 633 3316 762 3378; x_wconf 74' lang='lat' dir='ltr'><strong>Antonii</strong></span> <span class='ocrx_word' id='word_1_201' title='bbox 777 3315 951 3397; x_wconf 80' lang='lat' dir='ltr'><strong>Peregrini,</strong></span> <span class='ocrx_word' id='word_1_202' title='bbox 961 3315 1084 3396; x_wconf 87' lang='lat' dir='ltr'><strong>equitis,</strong></span> <span class='ocrx_word' id='word_1_203' title='bbox 1100 3315 1231 3378; x_wconf 86' lang='lat' dir='ltr'><strong>serenis-</strong></span> 
     </span>
     <span class='ocr_line' id='line_1_26' title="bbox 100 3422 1231 3506; baseline 0.002 -24"><span class='ocrx_word' id='word_1_204' title='bbox 100 3445 114 3482; x_wconf 76' lang='lat' dir='ltr'><strong>s</strong></span> <span class='ocrx_word' id='word_1_205' title='bbox 131 3427 231 3488; x_wconf 84' lang='lat' dir='ltr'><strong>simae</strong></span> <span class='ocrx_word' id='word_1_206' title='bbox 244 3431 372 3488; x_wconf 83' lang='lat' dir='ltr'><strong>venetae</strong></span> <span class='ocrx_word' id='word_1_207' title='bbox 383 3425 570 3506; x_wconf 85' lang='lat' dir='ltr'><strong>reipublicae</strong></span> <span class='ocrx_word' id='word_1_208' title='bbox 580 3426 776 3499; x_wconf 66' lang='lat' dir='ltr'><strong>consultoris</strong></span> <span class='ocrx_word' id='word_1_209' title='bbox 788 3441 825 3486; x_wconf 87' lang='lat' dir='ltr'><strong>ac</strong></span> <span class='ocrx_word' id='word_1_210' title='bbox 837 3424 870 3486; x_wconf 92' lang='lat' dir='ltr'><strong>in</strong></span> <span class='ocrx_word' id='word_1_211' title='bbox 881 3422 1231 3487; x_wconf 82' lang='lat' dir='ltr'><strong>omninmceleberrimo</strong></span> 
     </span>
     <span class='ocr_line' id='line_1_27' title="bbox 99 3533 1231 3616; baseline 0.003 -25"><span class='ocrx_word' id='word_1_212' title='bbox 99 3553 113 3591; x_wconf 72' lang='lat' dir='ltr'><strong>a</strong></span> <span class='ocrx_word' id='word_1_213' title='bbox 132 3534 283 3613; x_wconf 78' lang='lat' dir='ltr'><strong>patavino</strong></span> <span class='ocrx_word' id='word_1_214' title='bbox 298 3535 468 3616; x_wconf 77' lang='lat' dir='ltr'><strong>gymnasio</strong></span> <span class='ocrx_word' id='word_1_215' title='bbox 482 3535 562 3597; x_wconf 51' lang='lat' dir='ltr'><strong>¹iu&#39;ris</strong></span> <span class='ocrx_word' id='word_1_216' title='bbox 575 3534 715 3615; x_wconf 83' lang='lat' dir='ltr'><strong>primarii</strong></span> <span class='ocrx_word' id='word_1_217' title='bbox 726 3533 918 3615; x_wconf 77' lang='lat' dir='ltr'><strong>professoris,</strong></span> <span class='ocrx_word' id='word_1_218' title='bbox 928 3552 986 3613; x_wconf 86' lang='lat' dir='ltr'><strong>per</strong></span> <span class='ocrx_word' id='word_1_219' title='bbox 998 3551 1076 3612; x_wconf 82' lang='lat' dir='ltr'><strong>quaa</strong></span> <span class='ocrx_word' id='word_1_220' title='bbox 1090 3533 1137 3594; x_wconf 84' lang='lat' dir='ltr'><strong>sic</strong></span> <span class='ocrx_word' id='word_1_221' title='bbox 1150 3535 1231 3594; x_wconf 87' lang='lat' dir='ltr'><strong>eius·</strong></span> 
     </span>
     <span class='ocr_line' id='line_1_28' title="bbox 99 3639 1230 3721; baseline 0.003 -21"><span class='ocrx_word' id='word_1_222' title='bbox 99 3661 114 3700; x_wconf 76' lang='grc'><strong>»</strong></span> <span class='ocrx_word' id='word_1_223' title='bbox 132 3643 206 3704; x_wconf 87' lang='lat' dir='ltr'><strong>dem</strong></span> <span class='ocrx_word' id='word_1_224' title='bbox 220 3642 341 3704; x_wconf 85' lang='lat' dir='ltr'><strong>Bartoli</strong></span> <span class='ocrx_word' id='word_1_225' title='bbox 356 3641 499 3704; x_wconf 86' lang='lat' dir='ltr'><strong>doctrine</strong></span> <span class='ocrx_word' id='word_1_226' title='bbox 514 3641 699 3718; x_wconf 81' lang='lat' dir='ltr'><strong>illustratur,</strong></span> <span class='ocrx_word' id='word_1_227' title='bbox 724 3648 760 3704; x_wconf 91' lang='lat' dir='ltr'><strong>nt</strong></span> <span class='ocrx_word' id='word_1_228' title='bbox 781 3641 825 3704; x_wconf 92' lang='lat' dir='ltr'><strong>nil</strong></span> <span class='ocrx_word' id='word_1_229' title='bbox 841 3641 963 3704; x_wconf 80' lang='lat' dir='ltr'><strong>facilins</strong></span> <span class='ocrx_word' id='word_1_230' title='bbox 986 3639 1154 3721; x_wconf 88' lang='lat' dir='ltr'><strong>utiliusque</strong></span> <span class='ocrx_word' id='word_1_231' title='bbox 1175 3659 1230 3703; x_wconf 82' lang='lat' dir='ltr'><strong>ex·</strong></span> 
     </span>
     <span class='ocr_line' id='line_1_29' title="bbox 96 3749 1229 3833; baseline 0.002 -25"><span class='ocrx_word' id='word_1_232' title='bbox 96 3751 265 3833; x_wconf 75' lang='lat' dir='ltr'><strong>»cogitari</strong></span> <span class='ocrx_word' id='word_1_233' title='bbox 281 3751 389 3832; x_wconf 91' lang='lat' dir='ltr'><strong>possit,</strong></span> <span class='ocrx_word' id='word_1_234' title='bbox 413 3753 453 3812; x_wconf 88' lang='lat' dir='ltr'><strong>ad</strong></span> <span class='ocrx_word' id='word_1_235' title='bbox 474 3752 665 3832; x_wconf 87' lang='lat' dir='ltr'><strong>penetranda</strong></span> <span class='ocrx_word' id='word_1_236' title='bbox 687 3752 754 3813; x_wconf 90' lang='lat' dir='ltr'><strong>eius</strong></span> <span class='ocrx_word' id='word_1_237' title='bbox 777 3749 1036 3832; x_wconf 83' lang='lat' dir='ltr'><strong>profundissimae</strong></span> <span class='ocrx_word' id='word_1_238' title='bbox 1058 3750 1229 3830; x_wconf 86' lang='lat' dir='ltr'><strong>sapientiae</strong></span> 
     </span>
     <span class='ocr_line' id='line_1_30' title="bbox 97 3857 1229 3941; baseline 0.002 -25"><span class='ocrx_word' id='word_1_239' title='bbox 97 3879 112 3916; x_wconf 78' lang='lat' dir='ltr'><strong>n</strong></span> <span class='ocrx_word' id='word_1_240' title='bbox 128 3877 255 3922; x_wconf 87' lang='lat' dir='ltr'><strong>arcana.</strong></span> <span class='ocrx_word' id='word_1_241' title='bbox 278 3859 443 3924; x_wconf 81' lang='lat' dir='ltr'><strong>Accessere</strong></span> <span class='ocrx_word' id='word_1_242' title='bbox 459 3861 574 3941; x_wconf 86' lang='lat' dir='ltr'><strong>puriter</strong></span> <span class='ocrx_word' id='word_1_243' title='bbox 593 3859 761 3922; x_wconf 89' lang='lat' dir='ltr'><strong>nonnullae</strong></span> <span class='ocrx_word' id='word_1_244' title='bbox 783 3858 863 3920; x_wconf 91' lang='lat' dir='ltr'><strong>aliae</strong></span> <span class='ocrx_word' id='word_1_245' title='bbox 878 3857 1063 3940; x_wconf 82' lang='lat' dir='ltr'><strong>appostillae</strong></span> <span class='ocrx_word' id='word_1_246' title='bbox 1078 3858 1229 3939; x_wconf 86' lang='lat' dir='ltr'><strong>Gasparis</strong></span> 
     </span>
     <span class='ocr_line' id='line_1_31' title="bbox 95 3967 1229 4050; baseline 0.004 -26"><span class='ocrx_word' id='word_1_247' title='bbox 95 3987 111 4024; x_wconf 79' lang='lat' dir='ltr'><strong>r</strong></span> <span class='ocrx_word' id='word_1_248' title='bbox 128 3967 279 4050; x_wconf 81' lang='lat' dir='ltr'><strong>Leonyci,</strong></span> <span class='ocrx_word' id='word_1_249' title='bbox 291 3969 423 4032; x_wconf 84' lang='lat' dir='ltr'><strong>estensis</strong></span> <span class='ocrx_word' id='word_1_250' title='bbox 434 3969 569 4030; x_wconf 87' lang='lat' dir='ltr'><strong>doctoris</strong></span> <span class='ocrx_word' id='word_1_251' title='bbox 583 3985 620 4030; x_wconf 87' lang='lat' dir='ltr'><strong>ec</strong></span> <span class='ocrx_word' id='word_1_252' title='bbox 635 3970 669 4029; x_wconf 93' lang='lat' dir='ltr'><strong>in</strong></span> <span class='ocrx_word' id='word_1_253' title='bbox 685 3968 791 4030; x_wconf 89' lang='lat' dir='ltr'><strong>eodem</strong></span> <span class='ocrx_word' id='word_1_254' title='bbox 808 3968 956 4048; x_wconf 78' lang='lat' dir='ltr'><strong>patavino</strong></span> <span class='ocrx_word' id='word_1_255' title='bbox 972 3969 1139 4048; x_wconf 75' lang='lat' dir='ltr'><strong>gymnmm</strong></span> <span class='ocrx_word' id='word_1_256' title='bbox 1156 3987 1229 4048; x_wconf 87' lang='lat' dir='ltr'><strong>pro-</strong></span> 
     </span>
     <span class='ocr_line' id='line_1_32' title="bbox 95 4073 1228 4157; baseline 0.006 -26"><span class='ocrx_word' id='word_1_257' title='bbox 95 4093 110 4131; x_wconf 76' lang='lat'><strong>»</strong></span> <span class='ocrx_word' id='word_1_258' title='bbox 128 4076 264 4153; x_wconf 76' lang='lat' dir='ltr'><strong>sessoris,</strong></span> <span class='ocrx_word' id='word_1_259' title='bbox 286 4077 374 4138; x_wconf 85' lang='lat' dir='ltr'><strong>ouius</strong></span> <span class='ocrx_word' id='word_1_260' title='bbox 390 4093 465 4137; x_wconf 85' lang='lat' dir='ltr'><strong>eura</strong></span> <span class='ocrx_word' id='word_1_261' title='bbox 480 4095 517 4139; x_wconf 87' lang='lat' dir='ltr'><strong>ac</strong></span> <span class='ocrx_word' id='word_1_262' title='bbox 535 4077 689 4138; x_wconf 84' lang='lat' dir='ltr'><strong>industria</strong></span> <span class='ocrx_word' id='word_1_263' title='bbox 711 4077 751 4138; x_wconf 86' lang='lat' dir='ltr'><strong>ad</strong></span> <span class='ocrx_word' id='word_1_264' title='bbox 773 4073 855 4136; x_wconf 87' lang='lat' dir='ltr'><strong>hanc</strong></span> <span class='ocrx_word' id='word_1_265' title='bbox 870 4075 1020 4156; x_wconf 89' lang='lat' dir='ltr'><strong>optimam</strong></span> <span class='ocrx_word' id='word_1_266' title='bbox 1042 4075 1162 4157; x_wconf 77' lang='lat' dir='ltr'><strong>frugem</strong></span> <span class='ocrx_word' id='word_1_267' title='bbox 1177 4091 1228 4138; x_wconf 78' lang='lat' dir='ltr'><strong>re·</strong></span> 
     </span>
     <span class='ocr_line' id='line_1_33' title="bbox 95 4178 1227 4266; baseline 0.005 -26"><span class='ocrx_word' id='word_1_268' title='bbox 95 4201 110 4240; x_wconf 74' lang='lat' dir='ltr'><strong>o</strong></span> <span class='ocrx_word' id='word_1_269' title='bbox 128 4185 222 4246; x_wconf 89' lang='lat' dir='ltr'><strong>dacta</strong></span> <span class='ocrx_word' id='word_1_270' title='bbox 239 4192 315 4247; x_wconf 87' lang='lat' dir='ltr'><strong>eunt</strong></span> <span class='ocrx_word' id='word_1_271' title='bbox 329 4185 455 4266; x_wconf 81' lang='lat' dir='ltr'><strong>singula</strong></span> <span class='ocrx_word' id='word_1_272' title='bbox 471 4183 589 4248; x_wconf 86' lang='lat' dir='ltr'><strong>Bartoli</strong></span> <span class='ocrx_word' id='word_1_273' title='bbox 606 4203 698 4266; x_wconf 86' lang='lat' dir='ltr'><strong>opera</strong></span> <span class='ocrx_word' id='word_1_274' title='bbox 714 4205 743 4246; x_wconf 81' lang='lat' dir='ltr'><strong>r.</strong></span> <span class='ocrx_word' id='word_1_275' title='bbox 768 4184 911 4246; x_wconf 84' lang='lat' dir='ltr'><strong>Ceterum</strong></span> <span class='ocrx_word' id='word_1_276' title='bbox 932 4187 1134 4247; x_wconf 84' lang='lat' dir='ltr'><strong>antecessoris</strong></span> <span class='ocrx_word' id='word_1_277' title='bbox 1151 4178 1227 4248; x_wconf 80' lang='lat' dir='ltr'><strong>utri-</strong></span> 
     </span>
     <span class='ocr_line' id='line_1_34' title="bbox 95 4291 1226 4374; baseline 0.004 -24"><span class='ocrx_word' id='word_1_278' title='bbox 95 4309 191 4374; x_wconf 85' lang='lat' dir='ltr'><strong>usque</strong></span> <span class='ocrx_word' id='word_1_279' title='bbox 218 4293 391 4356; x_wconf 86' lang='lat' dir='ltr'><strong>additiones</strong></span> <span class='ocrx_word' id='word_1_280' title='bbox 417 4297 540 4356; x_wconf 88' lang='lat' dir='ltr'><strong>tantum</strong></span> <span class='ocrx_word' id='word_1_281' title='bbox 569 4297 696 4356; x_wconf 84' lang='lat' dir='ltr'><strong>exstant</strong></span> <span class='ocrx_word' id='word_1_282' title='bbox 722 4291 761 4354; x_wconf 90' lang='lat' dir='ltr'><strong>ad</strong></span> <span class='ocrx_word' id='word_1_283' title='bbox 787 4291 962 4366; x_wconf 87' lang='lat' dir='ltr'><strong>Bartolum,</strong></span> <span class='ocrx_word' id='word_1_284' title='bbox 991 4311 1068 4371; x_wconf 79' lang='lat' dir='ltr'><strong>ques</strong></span> <span class='ocrx_word' id='word_1_285' title='bbox 1095 4295 1226 4357; x_wconf 78' lang='lat' dir='ltr'><strong>inolitas</strong></span> 
     </span>
     <span class='ocr_line' id='line_1_35' title="bbox 94 4401 1225 4482; baseline -0.003 -18"><span class='ocrx_word' id='word_1_286' title='bbox 94 4407 178 4478; x_wconf 88' lang='lat' dir='ltr'><strong>puto,</strong></span> <span class='ocrx_word' id='word_1_287' title='bbox 203 4403 262 4464; x_wconf 85' lang='lat' dir='ltr'><strong>etsi</strong></span> <span class='ocrx_word' id='word_1_288' title='bbox 286 4402 471 4464; x_wconf 83' lang='lat' dir='ltr'><strong>Tomasinus</strong></span> <span class='ocrx_word' id='word_1_289' title='bbox 496 4403 596 4482; x_wconf 85' lang='lat' dir='ltr'><strong>praelo</strong></span> <span class='ocrx_word' id='word_1_290' title='bbox 614 4403 792 4464; x_wconf 83' lang='lat' dir='ltr'><strong>ronmrissas</strong></span> <span class='ocrx_word' id='word_1_291' title='bbox 810 4408 936 4462; x_wconf 80' lang='lat' dir='ltr'><strong>asserat.</strong></span> <span class='ocrx_word' id='word_1_292' title='bbox 962 4402 1019 4472; x_wconf 74' lang='lat' dir='ltr'><strong>Qui</strong></span> <span class='ocrx_word' id='word_1_293' title='bbox 1044 4401 1154 4464; x_wconf 83' lang='lat' dir='ltr'><strong>titulus</strong></span> <span class='ocrx_word' id='word_1_294' title='bbox 1171 4423 1225 4482; x_wconf 89' lang='lat' dir='ltr'><strong>pro</strong></span> 
     </span>
    </p>
   </div>
   <div class='ocr_carea' id='block_1_7' title="bbox 0 0 1674 5178">
    <p class='ocr_par' dir='ltr' id='par_1_11' title="bbox 0 0 1674 5178">
     <span class='ocr_line' id='line_1_36' title="bbox 0 0 1674 5178; baseline 0 3"><span class='ocrx_word' id='word_1_295' title='bbox 0 0 1674 5178; x_wconf 95' lang='lat' dir='ltr'><strong> </strong></span> 
     </span>
    </p>
   </div>
  </div>
 </body>
</html>
