3338 5178
417 321 463 390 22

474 565 549 634 eoo.
565 563 609 634 28
626 564 769 651 manna,
785 579 877 638 saec.
896 565 960 651 Χ11,
977 582 1006 634 a.
1024 567 1099 653 223,
1117 567 1136 636 1.
1158 565 1219 638 lca
1236 568 1282 654 [1..
1302 566 1337 652 v,
1353 566 1415 652 01].
1433 566 1484 636 111.

504 784 659 859 Eiusdem,
674 803 793 848 worma
805 786 840 848 de
856 788 1056 862 tomrmtir,
1068 788 1235 864 etiamflue
1249 788 1431 850 ultimarum
1441 786 1553 850 rotua-

418 897 528 968 tatum,
546 899 582 953 ut
596 893 700 954 codice
715 893 918 972 praecedenti.

505 999 610 1064 Prasii
625 1000 750 1062 loannis
767 1001 905 1064 Anum
928 1003 1045 1066 latura
1060 1019 1151 1085 repar
1173 1003 1278 1068 arbore
1293 1003 1457 1083 maculis
1471 1021 1555 1084 quae

418 1113 495 1172 ina:
516 1111 593 1171 «Ad
608 1107 747 1171 arborem
763 1109 926 1172 affinitatis
941 1117 973 1174 at
988 1112 1055 1174 eius
1071 1113 1263 1175 materiam...
1281 1133 1319 1192 »;
1335 1113 1422 1174 finit:
1441 1132 1460 1170 α
1475 1111 1554 1191 quid

417 1220 515 1300 igilur
527 1219 689 1300 impediret
703 1216 761 1280 hos
775 1217 968 1282 collaterales
991 1219 1173 1284 contrahere
1196 1222 1228 1284 iu
1240 1221 1305 1286 Deo
1318 1241 1348 1296 2,
1365 1219 1386 1284 l.
1401 1218 1468 1283 1-7.
1484 1219 1556 1281 Hoc

416 1333 465 1390 est
486 1329 698 1410 lragmentum
722 1327 788 1390 eius
811 1347 926 1392 samaro
947 1330 984 1392 dr
1006 1331 1198 1410 pomatium
1219 1336 1250 1396 et
1270 1330 1479 1396 matrimoniis
1496 1347 1554 1392 seu

418 1455 534 1502 mmm
547 1453 640 1518 super
653 1442 761 1518 quarto
776 1437 854 1500 libro
869 1438 1094 1514 coarctatam,
1109 1437 1301 1520 frequentius
1315 1439 1425 1502 odilae.

508 1545 611 1608 Codex
627 1545 723 1608 lolior.
740 1545 783 1607 48
785 1546 924 1627 ‚duplici
940 1546 1094 1622 columna,
1107 1565 1180 1610 cum
1195 1549 1302 1614 arbore
1316 1549 1480 1702 affinitatis
1490 1547 1553 1610 cir-

419 1655 498 1720 culis
514 1677 531 1718 a
548 1655 701 1736 principio
715 1672 871 1736 expressa.

421 1867 496 1940 Gau.
512 1869 557 1938 29
574 1867 717 1954 munna,
733 1881 826 1938 socc.
842 1866 922 1954 xlv,
938 1884 969 1937 a.
986 1868 1064 1956 342,
1081 1867 1184 1940 1230
1201 1869 1248 1955 [1,.
1265 1871 1302 1956 v,
1318 1869 1494 1953 [xxxin.
1511 1868 1550 1938 11.

510 2086 676 2150 Rolandini
693 2086 901 2164 bononiensis,
917 2106 1037 2154 summa
1052 2091 1135 2152 artis
1150 2093 1278 2154 nomm.

510 2195 661 2258 volumen
680 2196 823 2258 mutilum
842 2198 873 2258 in
890 2196 1042 2277 principio
1058 2202 1091 2258 et
1105 2197 1168 2260 flue
1185 2199 1298 2279 incipit
1312 2217 1332 2260 a
1346 2197 1475 2262 dimidia
1490 2200 1558 2278 pri-

422 2307 465 2368 mi
481 2305 610 2386 capituli
628 2310 716 2385 parte
732 2323 828 2386 usque
843 2307 882 2366 ad
898 2323 1015 2368 nonum
1032 2305 1093 2370 lare
1109 2305 1297 2370 absolutum.

419 2452 421 2458 .
511 2414 616 2476 Codex
638 2413 735 2476 folior.
752 2412 805 2492 34,
829 2413 1012 2494 quibusdam
1030 2415 1146 2496 partim
1169 2417 1305 2493 resectis,
1326 2415 1486 2497 eleganter
1500 2433 1561 2476 ax·

425 2523 560 2604 scriptos
575 2529 632 2598 esi,
656 2541 728 2585 cum
744 2521 845 2584 titulis
861 2527 892 2584 el
915 2523 1029 2588 litteris
1052 2522 1225 2588 initialibus
1247 2521 1339 2586 rubro
1361 2541 1399 2586 ac
1414 2521 1562 2586 cacruleo

423 2631 524 2696 colore
538 2631 724 2713 conspicuis.

451 2844 526 2916 (lud.
543 2843 587 2916 311
603 2845 721 2932 chari,
738 2861 830 2928 saec.
848 2846 912 2932 xv,
929 2863 959 2916 u.
975 2847 1052 2933 211,
1069 2846 1088 2917 1.
1111 2846 1173 2916 148
1190 2845 1237 2930 [1..
1254 2846 1291 2932 v,
1309 2843 1474 2930 [ΧΧΧῊ.
1491 2847 1529 2916 11.

515 3065 541 3126 l.
566 3064 675 3128 Floras
693 3081 747 3128 aar
765 3071 833 3129 cote
855 3067 890 3130 ia
913 3067 1085 3130 Rolcadioi
1100 3067 1282 3149 Pasraperii
1303 3071 1411 3132 arum.
1436 3064 1563 3146 Inuip.:

426 3173 538 3235 «Cum
562 3171 698 3236 humane
720 3173 884 3256 fragilitati
908 3174 1012 3256 plures
1035 3175 1221 3241 incumbant
1242 3174 1382 3238 delectus
1404 3179 1437 3236 et
1458 3173 1566 3236 eidem

425 3302 442 3339 >›
460 3281 567 3344 divina
582 3281 706 3344 favente
721 3283 826 3362 gratia
840 3282 931 3363 plura
946 3281 1071 3346 subsint
1088 3283 1223 3346 remedia
1239 3329 1247 3345 .
1264 3329 1271 3345 .
1289 3329 1297 3346 .
1314 3302 1332 3343 »
1348 3304 1356 3361 3
1373 3281 1462 3346 finit:
1482 3302 1499 3338 r
1516 3281 1565 3344 Et

425 3410 441 3446 »
460 3388 518 3452 hec
533 3395 686 3470 quantum
702 3391 741 3454 ad
758 3409 876 3453 nonum
891 3391 1063 3472 capitulum
1079 3397 1224 3473 speciant
1238 3392 1323 3462 diuis
1338 3391 1497 3454 sufficiant
1514 3411 1545 3452 ».

511 3498 543 3562 2.
560 3497 692 3560 Salatini
708 3500 746 3561 de
762 3499 872 3574 Sanno,
896 3501 997 3580 sepulc
1020 3501 1102 3566 artie
1122 3501 1251 3566 notam
1268 3500 1387 3580 incip:
1414 3519 1431 3558 a
1449 3495 1566 3561 Scien-

424 3629 441 3666 o
459 3610 533 3672 dum
548 3612 607 3686 eei,
629 3609 711 3689 quod
733 3627 784 3670 ars
799 3608 919 3670 notarie
934 3609 1083 3672 dividitur
1105 3610 1137 3672 iu
1155 3617 1219 3672 tres
1239 3608 1428 3691 principales
1443 3613 1564 3690 partes,

423 3739 441 3777 ›>
459 3717 579 3782 seilicet
596 3717 627 3778 in
643 3721 835 3793 contractus,
859 3716 986 3781 ultimas
1003 3717 1180 3782 voluntates
1195 3717 1412 3782 defunctorum
1427 3721 1459 3780 et
1478 3716 1567 3778 iudi-

424 3847 442 3885 »
459 3829 577 3889 ciorum
595 3831 667 3888 acta
682 3871 690 3888 .
707 3871 715 3885 .
733 3869 740 3888 .
759 3870 765 3885 .
783 3846 800 3885 r
816 3845 825 3903 ς
851 3823 942 3886 finit:
969 3846 987 3886 a
1003 3830 1036 3890 ei
1051 3823 1111 3888 hoo
1132 3825 1171 3890 de
1190 3830 1330 3890 imolato
1348 3830 1503 3907 quantum
1519 3827 1565 3890 ad

423 3958 440 3994 ›>
460 3953 587 4017 presens
602 3935 686 3996 dicta
702 3933 860 3996 sufficiant
876 3954 908 4012 a,
924 3932 945 3995 f.
962 3931 1075 3996 50-73.
1092 3935 1273 3998 Airactalu
1289 3932 1446 3996 Salatielis
1461 3931 1562 3996 bono-

423 4045 541 4108 niensis
555 4041 610 4126 (l),
621 4041 725 4105 differt
740 4047 806 4106 toto
820 4043 915 4120 caelo,
928 4043 988 4106 etsi
1000 4060 1101 4125 pauca
1117 4042 1268 4124 quaedam
1284 4042 1483 4106 conveniant.
1497 4042 1567 4105 Au-

489 4297 522 4360 (11
537 4295 661 4347 Emmun.
676 4295 773 4348 Bollali
784 4295 858 4348 dedii
869 4296 1004 4362 specimen
1019 4295 1046 4347 ln
1058 4310 1156 4362 opere:
1175 4296 1303 4362 Savipny,
1320 4295 1409 4349 orma
1421 4295 1463 4349 nee
1473 4295 1574 4350 dinuo

419 4397 524 4438 wannoc
536 4385 580 4438 ael
592 4385 674 4440 medic
688 4398 738 4437 ero.
752 4385 859 4450 Torino,
873 4385 949 4438 lanu.
963 4385 1007 4450 111,
1020 4399 1084 4450 pag.
1098 4385 1226 4439 479-480.
