3206 5216
1100 369 1146 441 95

42 517 90 578 lun
103 515 232 591 Neronis,
255 533 348 595 quem
372 535 469 597 nuper
485 516 708 596 interemptum
728 532 795 576 esse
818 531 875 574 usu
900 511 1068 591 fungorum
1084 515 1151 572 tra-

41 627 74 686 dit
88 625 204 686 Plinius.
219 623 297 688 th.
314 616 402 702 bist,
418 626 438 687 1.
455 625 557 700 XXII,
574 642 642 704 cap.
659 621 712 686 47.

110 734 137 795 8.
152 733 196 796 De
211 733 359 798 brevitate
373 736 467 809 ritae,
480 736 521 798 nd
533 735 711 797 Pantinnnr.
731 731 858 792 «Maior
875 747 946 810 pars
959 728 1149 804 mortalium,

40 841 190 916 »Paulina
208 841 245 904 de
262 849 392 904 naturae
408 840 888 922 malignitateconqueritur...
906 859 937 914 o,
953 838 974 900 f.
991 835 1105 900 83-at.

110 950 261 1025 Paulinus,
284 950 433 1012 Paulinae
456 949 591 1012 Senecae
618 950 723 1012 uxoris
749 948 845 1010 trater
872 947 1063 1025 canabinis,
1090 947 1151 1009 fuit

40 1058 186 1138 pneiectus
204 1058 251 1120 cel
266 1078 283 1122 e
299 1057 493 1121 curatoribus
509 1075 661 1121 annonas.

108 1167 134 1228 9.
155 1168 202 1230 De
224 1167 311 1232 tecta
333 1168 412 1242 nita,
441 1169 482 1231 ed
506 1165 686 1232 Gallionem.
719 1185 737 1225 «
765 1165 886 1241 Vivere,
914 1164 1018 1226 Gallio
1044 1165 1150 1240 frater,

41 1297 52 1332 a
66 1294 160 1338 omues
174 1276 300 1354 quidem
316 1263 538 1352 beate'aolnnt,
551 1277 603 1340 sed
616 1277 654 1338 ad
667 1275 891 1358 providendum
902 1321 908 1336 .
919 1321 943 1337 ..
959 1274 1024 1351 »,1.
1038 1273 1151 1336 87-90.

110 1383 155 1446 10.
172 1383 220 1447 De
235 1371 441 1448 consolatione
451 1385 587 1461 fratria,
604 1387 645 1449 cd
660 1385 831 1463 Polybium.
860 1401 878 1442 n
894 1383 1009 1445 Nostra
1024 1399 1153 1462 corpora

44 1493 144 1554 »firma
157 1498 245 1568 sant,
268 1493 295 1556 si
315 1493 498 1574 redigantur
521 1493 561 1556 ad
583 1494 791 1556 conditionem
816 1497 947 1554 naturae
969 1494 1075 1554 omnia
1098 1491 1152 1553 de-

46 1603 205 1665 ›strueutis
217 1648 225 1663 .
238 1647 269 1664 ..
286 1623 317 1674 a,
334 1602 354 1664 l.
371 1603 483 1665 90-91.

107 1711 237 1785 Quidam
253 1712 452 1774 amanuensis
473 1727 605 1774 coaevus
622 1711 776 1792 principio
791 1711 977 1791 adscripsit:
1005 1729 1023 1768 n
1040 1709 1099 1772 Hic
1115 1709 1154 1771 li·

54 1817 110 1882 sber
122 1827 209 1882 totas
225 1819 371 1883 notabilis
387 1827 436 1882 est
450 1839 469 1882 a
485 1821 588 1902 capite
603 1839 700 1901 usque
716 1821 755 1881 sd
771 1820 864 1880 finem
881 1840 913 1880 a.

107 1927 255 2010 Polybius
270 1928 401 1990 libertus
418 1929 539 1992 Claudii
556 1929 695 1992 Caesaris
718 1927 948 2004 reiterandae,
972 1946 990 1988 a
1009 1944 1069 2007 quo
1084 1933 1156 2008 post

45 2034 197 2100 Narcissum
215 2037 350 2100 maxime
365 2011 549 2100 aestimatus
564 2044 622 2100 est.
638 2037 918 2099 Innocentissimns
932 2042 964 2098 et
983 2036 1156 2098 eruditissi-

45 2163 102 2222 mus,
114 2151 196 2209 teste
211 2145 340 2222 Seneca,
356 2146 515 2226 improbus
530 2145 600 2223 fuit,
620 2145 822 2209 referentibus
838 2145 985 2209 Suetonio
1000 2151 1033 2209 at
1046 2145 1156 2208 Dione.

44 2251 210 2331 Messalinae,
230 2273 292 2334 qna
307 2273 378 2318 cum
395 2254 635 2318 familiarissime
650 2256 783 2330 vixerat,
808 2252 1091 2317 machinationibus
1107 2253 1157 2314 in-

44 2364 166 2426 teriectus
181 2369 239 2426 est.

113 2473 160 2536 ll.
177 2474 225 2536 De
240 2478 374 2554 quatuor
388 2473 554 2537 oirtntibne
569 2473 657 2548 t'ter,
675 2473 694 2533 1.
711 2473 823 2536 91-92.

112 2583 160 2647 12.
176 2584 225 2646 De
239 2589 351 2665 nepum
365 2583 542 2646 liberatione
557 2583 684 2657 stadiis,
708 2601 776 2646 cnm
795 2582 931 2656 nanee,
954 2598 1016 2662 qne
1031 2581 1157 2643 docetor

45 2691 250 2766 antoninam
266 2693 307 2754 cd
321 2694 467 2754 oirtntem
482 2709 542 2754 non
552 2694 726 2772 perderent
739 2692 792 2753 aad
803 2695 1003 2772 acceperant.
1024 2709 1041 2748 e
1059 2687 1106 2750 De
1121 2687 1160 2749 li·

48 2815 58 2852 1
71 2795 214 2862 beralibus
229 2801 342 2862 studiis
358 2800 433 2879 quid
448 2804 581 2864 sentiam
598 2801 677 2864 scire
692 2800 846 2862 desideras
859 2845 866 2861 .
881 2845 910 2860 ..
927 2819 958 2875 n,
975 2799 996 2860 1.
1015 2798 1131 2860 93-94.

111 2905 168 2968 Est
181 2907 314 2988 epistola
329 2909 494 2989 trigesima
509 2914 608 2986 sexta,
624 2909 664 2970 ad
679 2907 844 2969 Lucilium.

113 3014 160 3076 13.
179 3015 227 3078 De
241 3017 293 3080 irc
308 3017 382 3081 titia
396 3019 540 3098 qninqne,
556 3017 598 3080 cd
608 3015 773 3080 Norctnrn.
796 3014 973 3096 «Exegisti
990 3032 1009 3076 a
1025 3013 1161 3089 1111,Νο-

54 3127 142 3199 tram,
167 3135 204 3186 ut
224 3123 391 3188 scriberem
413 3124 674 3205 quemadmodum
697 3131 801 3206 posset
823 3125 870 3186 ira
888 3124 980 3186 leniri
993 3168 1109 3185 ......
1126 3143 1157 3200 s,

53 3225 196 3296 115-112.
1082 3241 1087 3252 ’

113 3340 154 3404 lt.
182 3343 329 3404 Annaeus
355 3341 507 3418 Novatus,
535 3341 670 3406 Senecae
696 3342 800 3420 trater,
828 3347 936 3424 postea
961 3341 1029 3403 Iun.
1059 3339 1161 3402 Gallio

47 3442 126 3512 dictus
148 3456 207 3527 est,
233 3470 331 3531 quum
354 3450 422 3512 aL.
439 3451 508 3514 Iun.
532 3451 676 3514 Gallione
699 3454 832 3531 quadarn
855 3453 1021 3532 adoptatas
1042 3450 1159 3512 luisset.

46 3547 262 3622 Mansuetudine
274 3564 306 3621 et
322 3559 473 3628 modestia
483 3561 789 3624 commendatissima
805 3561 875 3624 libri
887 3561 923 3624 de
934 3563 985 3625 irc
1001 3559 1068 3622 iure
1078 3579 1162 3621 nun·

46 3669 133 3745 capati
148 3675 232 3732 sunt.

118 3776 194 3840 Cum
210 3779 421 3853 amanuensis,
437 3779 490 3859 qui
506 3781 564 3841 snb
580 3779 643 3842 fine
660 3779 828 3842 voluminis
843 3778 929 3839 dedit
944 3783 1163 3838 contentorum

46 3881 170 3962 indicem,
187 3887 386 3950 annotaverit
400 3889 472 3950 item
489 3889 565 3951 tiber
580 3891 820 3970 tracoedinrnm,
833 3887 853 3948 1.
870 3886 945 3962 113,
956 3886 1015 3948 rite
1030 3885 1163 3947 coniicio

46 3985 105 4054 lolia
118 4012 194 4074 quae
209 3997 324 4060 desum
341 3996 495 4072 lla-170,
508 3998 563 4058 diu
578 4003 652 4060 ante
668 3997 835 4060 voluminis
850 3995 1098 4076 compactionem
1110 3993 1164 4055 de-

47 4100 159 4174 perdita.

15 4285 16 4290 ἵ
121 4209 169 4274 14.
192 4214 240 4277 De
262 4214 423 4296 beneficiio,
447 4215 488 4278 cd
509 4213 674 4278 AE'bntinm
690 4213 877 4289 literalem,
902 4211 976 4276 iibri
997 4214 1121 4292 sepum,
1145 4209 1166 4272 i.

50 4311 186 4383 tlt-lna.

119 4427 162 4491 De
176 4429 303 4498 AE'tntio
319 4429 460 4495 Liberali
482 4430 613 4494 obscure
629 4433 757 4494 omuino
780 4437 828 4495 est
843 4431 992 4513 quaestio.
1018 4427 1167 4498 1111111110-
