3244 5188
463 321 533 393 194

455 463 641 536 coactusque
656 457 819 519 Nassetem
836 456 967 534 insequi,
984 455 1104 517 ueritus
1120 471 1159 516 ue
1174 449 1240 535 ejus
1255 457 1391 518 discessu
1406 475 1426 518 a
1442 463 1526 540 terge
1541 481 1580 520 re

454 567 548 627 lictae
561 565 707 627 civitates
722 583 741 624 a
756 563 884 626 Venetis
900 563 933 624 iu
950 563 1179 642 imperatoriam
1195 563 1368 626 amicitiam
1383 564 1582 646 ditionemque

455 679 641 755 provocatae
656 673 832 748 deficerent,
848 689 972 734 omnem
989 671 1180 752 provinciam
1197 688 1217 733 a
1233 671 1374 734 Tarvisio
1386 671 1583 736 Mediolanum

455 799 553 862 usque
567 789 600 843 et
614 781 698 844 ultre
713 781 857 842 vastavit.
872 781 984 854 Quare
997 780 1073 840 moti
1089 777 1239 858 primores
1254 780 1432 857 civitatum,
1445 780 1501 844 sibi
1513 784 1583 844 suis

456 907 516 970 qus
532 889 623 952 rebus
638 906 676 952 eo
691 887 796 950 liberis
811 889 912 950 coacti
927 887 1097 962 consulere,
1115 905 1268 966 nusquam
1286 893 1391 950 tutum
1406 886 1466 949 sibi
1482 887 1583 964 locun,

457 1016 612 1078 nusquam
628 1017 661 1060 se
677 997 813 1078 benigne
828 997 1038 1077 suscipiendos
1054 994 1196 1058 arbitrati
1215 1000 1445 1076 praeterquam
1461 1013 1480 1056 a
1495 996 1585 1058 Vene-

453 1109 506 1182 tis,
522 1123 600 1186 quos
615 1112 647 1168 et
663 1107 722 1187 ipsi
737 1105 867 1186 pridem,
885 1105 958 1165 dum
977 1107 1010 1166 in
1025 1103 1150 1165 ltaliam
1166 1101 1385 1179 declinassent,
1407 1101 1540 1184 benigue
1559 1111 1585 1165 et

455 1215 487 1273 iu
505 1220 625 1294 partem
642 1219 853 1294 susceperant,
869 1213 909 1274 ad
924 1211 1114 1274 Venetorum
1134 1209 1247 1272 liberas
1262 1215 1408 1291 tutasque
1423 1211 1509 1274 sedes
1524 1211 1587 1274 licet

457 1322 589 1402 exiguas
601 1320 756 1384 declinare
767 1322 985 1384 decreverunt:
998 1339 1016 1382 e
1028 1318 1141 1400 quibus
1153 1319 1239 1380 omni
1251 1317 1448 1382 humanitate
1460 1323 1585 1399 suscepti

457 1437 490 1490 ct
500 1431 531 1490 iu
551 1436 671 1509 partem
688 1447 879 1510 aequamque
891 1435 1005 1492 sortem
1020 1447 1121 1491 rerum
1133 1428 1273 1490 omnium
1287 1428 1413 1490 admissi
1425 1433 1510 1490 sunt.
1522 1427 1586 1490 Ter-

457 1537 598 1617 tiumque
613 1535 688 1600 hinc
705 1538 893 1618 principium
909 1536 1082 1598 nobilitatis
1097 1541 1224 1598 venetae
1236 1555 1301 1611 seu,
1317 1537 1399 1615 quod
1415 1537 1519 1598 verius
1534 1543 1583 1609 est,

459 1647 688 1708 incrementum
705 1645 763 1708 hoc
778 1651 995 1726 nuncupatum
1010 1651 1067 1720 est,
1087 1663 1148 1724 quo
1165 1644 1338 1705 maximnm
1355 1643 1523 1706 illustrium
1538 1661 1585 1704 no

459 1752 629 1832 biliumque
652 1754 791 1814 virorum
813 1771 978 1816 numerum
1000 1753 1143 1832 plurimis
1166 1771 1184 1813 e
1206 1751 1390 1814 civitatibus
1405 1752 1446 1815 ad
1461 1750 1587 1814 Venetos

457 1861 584 1924 fluxisse
607 1862 773 1924 memoriae
796 1861 948 1922 traditum
970 1867 1027 1923 est.
1052 1859 1134 1924 Hinc
1150 1867 1281 1922 venetae
1296 1859 1470 1922 nobilitatis
1487 1861 1585 1940 crig03

456 1969 566 2048 hisque
589 1967 791 2049 temporibus,
814 1975 846 2031 et
863 1969 894 2030 in
911 1967 1072 2031 haeredes
1089 1967 1225 2031 Venetos
1241 1968 1363 2032 venisse
1381 1973 1517 2030 constat.
1534 1969 1586 2030 Co·

453 2077 504 2155 jus
520 2075 643 2156 quidem
659 2082 750 2137 tanta
765 2081 893 2138 exstant
909 2077 940 2138 iu
958 2081 1096 2157 posteros
1111 2095 1185 2138 suae
1208 2077 1443 2158 propagationis
1467 2075 1586 2136 inviola-

457 2189 491 2244 te
505 2183 639 2258 decreta,
656 2183 793 2245 utnulla
810 2201 947 2262 unquam
971 2185 1002 2244 iu
1019 2181 1076 2246 hus
1092 2201 1191 2264 usque
1207 2185 1271 2245 dies
1287 2189 1373 2246 setes
1397 2185 1429 2244 iu
1455 2183 1585 2264 legitime

457 2289 540 2369 prole
557 2289 728 2353 violaverit.
744 2290 879 2353 Sanxere
895 2308 1040 2370 numque,
1056 2311 1075 2352 a
1091 2294 1139 2354 sui
1154 2293 1308 2354 adventus
1321 2291 1509 2373 primordiis,
1524 2309 1585 2352 cun

456 2397 592 2476 primum
607 2398 638 2458 in
652 2397 709 2460 hes
720 2398 1023 2474 scdesdeclineront,
1033 2419 1071 2460 ne
1083 2399 1205 2462 scilicet
1214 2398 1587 2480 praepotentioribusGei·

456 2504 495 2564 iis
511 2505 628 2566 servire
643 2513 839 2586 cogerentur,
851 2511 883 2568 et
894 2513 1023 2569 cotenus
1039 2515 1194 2570 servatam
1211 2507 1396 2582 libertatern,
1409 2527 1505 2588 quam
1518 2511 1587 2570 uitae

457 2612 641 2691 cunctisque
652 2612 762 2692 opibus
774 2613 1005 2692 praeferendam
1021 2615 1232 2691 decreverant,
1250 2619 1442 2678 tutarentur:
1455 2622 1493 2678 ut
1507 2635 1587 2677 nemo

457 2737 589 2799 usquam
605 2720 636 2780 in
655 2725 813 2799 posterum
829 2720 1003 2784 nobilitatis
1018 2723 1175 2802 specimen
1193 2723 1307 2786 violare
1322 2729 1588 2803 praesumeretur

459 2827 529 2906 quis
545 2829 605 2888 nisi
622 2829 769 2908 ingenuis
785 2829 996 2910 legitimisque
1013 2829 1162 2893 uxoribus
1176 2837 1270 2893 natus
1286 2832 1318 2891 in
1334 2849 1409 2893 suec
1424 2829 1587 2893 nobilitatis

457 2935 649 2996 consortium
662 2943 766 3014 posset
778 2936 923 3000 adscribi:
934 2936 1054 3016 hocque
1066 2939 1140 3000 adeo
1153 2938 1309 3000 inviolatis
1322 2937 1586 3019 legibusdecreve·

461 3061 494 3104 rc
506 3048 541 3103 nt
554 3043 586 3102 in
598 3040 684 3106 huuc
697 3061 795 3124 usque
809 3045 842 3104 iu
856 3045 938 3108 diem
950 3063 1051 3121 nemo,
1063 3047 1195 3108 diversis
1210 3047 1359 3109 oriundus
1371 3047 1519 3126 auspiciis
1529 3047 1587 3124 qui·

459 3153 546 3228 equis
561 3151 706 3226 eraserit,
719 3151 751 3212 iu
764 3150 893 3232 hujusce
908 3153 1099 3216 consortium
1111 3157 1292 3234 assumptus
1308 3153 1416 3216 luerit:
1435 3153 1586 3216 tentaterit

460 3257 589 3318 Venetis
600 3259 770 3320 servandae
782 3257 956 3322 nobilitatis
968 3277 1042 3322 suae
1053 3265 1200 3324 accurata
1216 3263 1383 3323 sententia.
1396 3261 1472 3323 Fuit
1485 3263 1587 3341 pariter

460 3365 654 3446 principatus
666 3383 704 3429 ac
715 3365 871 3430 libertatis
882 3369 957 3431 adeo
969 3375 1118 3432 conamus
1128 3370 1297 3445 institutio,
1307 3375 1342 3431 ut
1354 3385 1587 3449 uunquemsuae

458 3472 616 3536 nobilitati
633 3474 768 3554 insignis
780 3475 925 3555 princeps
940 3477 1045 3539 deesse
1058 3477 1225 3552 uideretur,
1242 3478 1342 3557 etqui
1358 3479 1444 3538 omni
1461 3482 1587 3556 tempore

458 3580 551 3644 luerit
565 3582 741 3662 eligendus,
764 3584 839 3646 adeo
863 3585 969 3664 ecquis
986 3584 1177 3665 firmatisque
1199 3583 1419 3665 sponsionibus
1442 3585 1586 3665 principo-

458 3693 527 3748 tum
544 3696 724 3764 assumeret,
738 3697 774 3752 ut
789 3709 945 3770 nusquam
960 3690 1000 3752 ab
1014 3692 1209 3771 aequissimis
1219 3693 1286 3754 suis
1297 3690 1420 3772 legibus
1432 3692 1586 3756 recedendo

458 3793 633 3858 libertatem
650 3797 834 3860 amitterent
855 3799 949 3874 ciues,
972 3816 1030 3861 uec
1054 3798 1175 3878 ipsein
1198 3799 1399 3880 tyrannidem
1422 3801 1585 3868 declinaret,

459 3903 541 3980 quod
558 3905 589 3966 in
606 3903 689 3968 hanc
705 3905 797 3980 diem,
813 3905 967 3968 bonorum
982 3907 1123 3968 omnium
1138 3913 1264 3970 auctore
1280 3906 1415 3984 favente,
1431 3908 1584 3970 dsductm

461 4015 519 4072 est.
537 4011 621 4073 Adeo
636 4031 772 4093 namque
791 4013 972 4094 justificatis
988 4012 1125 4076 moribus
1140 4013 1274 4094 imperet
1295 4016 1441 4094 princeps
1461 4019 1585 4083 venetus,

461 4123 496 4180 ut
506 4137 612 4182 uerum
625 4123 798 4202 principem
810 4123 1027 4203 optimumque
1039 4121 1159 4203 patriae
1170 4127 1341 4203 parentem,
1351 4139 1413 4184 nun
1426 4128 1583 4204 tyranuum

460 4245 601 4306 pracesse
615 4231 789 4293 astantium
804 4231 945 4293 omnium
968 4231 1125 4294 sententia
1139 4230 1284 4307 latentur,
1306 4231 1520 4312 illustremque
1532 4227 1585 4287 Ve-

460 4341 602 4400 netorum
620 4339 830 4417 principatum
847 4339 1120 4419 incorruptamque
1135 4357 1239 4402 eorum
1264 4339 1440 4403 libertatem
1457 4336 1583 4403 laudibus
