3338 5178
1151 393 1194 464 le

95 533 149 594 iacit
168 535 245 594 inter
269 537 373 595 *cetera
396 532 642 596 additamentum
665 533 818 614 quoddam
842 531 968 596 Nicolct
990 533 1026 595 de
1050 531 1196 614 Superba,

92 641 151 702 ciris
171 641 318 721 patavini,
343 641 383 704 ad
405 639 560 705 rubricam
576 643 612 706 de
627 643 826 707 dilatioribus
841 644 1002 723 scriptum,
1026 643 1114 704 cuius
1136 643 1198 703 ini-

11 783 12 790 κ
92 751 170 810 dom:
196 751 346 812 «ductor
369 753 428 812 iste
448 752 591 814 dominus
614 751 759 815 Ieremias
782 769 843 812 non
867 752 1033 833 respondet
1055 752 1094 812 ad
1117 749 1199 812 hauc

90 859 324 938 »qmestiouem
340 875 398 920 nec
411 877 480 920 eam
497 859 708 924 determinat.
727 905 734 921 .
752 905 759 920 .
777 907 784 922 .
803 879 832 922 r.
852 858 1042 933 Quibusdam
1066 857 1198 921 rubricis

11 941 12 968 ³
91 964 186 1044 {aarum
197 965 311 1028 titulus
325 967 419 1029 minio
434 967 622 1050 exscriptus]
640 969 755 1032 desunt
769 968 942 1031 Hieremiae
956 968 1199 1030 animadversio-

11 1133 12 1176 3
89 1093 138 1150 aas,
152 1073 261 1157 quibus
277 1075 447 1138 inserendis
462 1077 548 1140 locus
563 1076 690 1140 relictus
704 1083 762 1140 est.

157 1186 271 1246 Auctor
286 1183 408 1246 Patavii
424 1189 527 1262 natos,
544 1184 597 1248 ubi
612 1186 782 1248 advocatus
797 1187 830 1246 et
845 1185 947 1262 iudex,
960 1184 1062 1246 dictus
1076 1201 1198 1264 quaqua

90 1292 234 1355 Hieremias
254 1294 358 1368 iudex,
382 1291 554 1357 Hieremias
569 1293 742 1376 maenus,
766 1293 938 1357 Hieremias
953 1292 1197 1375 Moutagucnus,

11 1393 12 1428 ³
87 1419 151 1462 mna
174 1401 255 1463 leuc
278 1402 445 1466 defunctus
466 1408 522 1465 aet
546 1404 605 1477 Qui
627 1403 665 1466 de
684 1421 719 1466 ec
742 1403 937 1484 scripserunt
952 1401 1034 1464 hauc
1048 1419 1199 1466 mmmm

11 2617 13 2768 i

86 1511 190 1572 unnim
205 1513 365 1592 ignorant.
380 1509 544 1574 Nicolaum
559 1511 597 1574 de
611 1509 751 1594 Superbe
767 1529 850 1574 enno
868 1509 952 1574 1350
976 1511 1111 1592 praetori
1126 1510 1197 1573 Bei-

87 1617 136 1679 iuui
157 1619 305 1682 vicariam
328 1637 453 1702 operum
473 1621 666 1701 praestitisse
681 1619 858 1682 Pilumnius
881 1621 978 1683 tradit
1002 1621 1032 1682 iu
1058 1619 1200 1701 prolego-

86 1729 165 1790 menis
179 1729 218 1790 ad
233 1727 398 1791 historiam
413 1729 498 1792 iliius
513 1729 661 1792 civitatis.

154 1837 298 1901 (indicem
313 1837 455 1902 foliorum
474 1837 538 1900 174
560 1838 641 1901 douc
663 1839 749 1902 dedit
772 1839 961 1902 monasterio
983 1857 1008 1901 s.
1025 1837 1150 1901 Ioannis
1165 1837 1197 1898 iu

85 1943 216 2009 viridario
232 1947 269 2008 B.
286 1945 325 2008 de
339 1944 536 2029 bignonius,
552 1945 715 2028 episcopus
731 1946 929 2022 Concordiae,
945 1965 1027 2009 anuo
1046 1946 1139 2008 1455.

100 2155 164 2229 tad.
179 2160 225 2230 25
240 2159 386 2247 membr„
401 2175 495 2232 arec.
513 2159 591 2246 xiv,
606 2177 637 2233 a
652 2160 729 2251 ³93,
746 2163 765 2234 Ι.
781 2163 852 2234 244
867 2164 914 2249 [Ζ.
932 2165 967 2236 Ι..
983 2162 1102 2249 cxiiii.
1120 2164 1177 2234 ta.

153 2379 270 2462 Incipit
284 2381 407 2445 tihellus
428 2382 465 2446 dc
487 2382 593 2446 ordine
612 2384 797 2448 iudiciorum
819 2383 1001 2465 emoritur
1023 2401 1042 2446 a
1066 2382 1200 2460 Rufredo

81 2485 262 2553 becumen
277 2491 361 2554 ier-ir
375 2491 481 2554 metite
493 2492 797 2573 profuturumque
812 2507 897 2572 opere
912 2493 1085 2555 conticetur
1098 2491 1199 2573 queti-

83 2598 118 2655 tr
129 2599 319 2678 asciam
331 2599 454 2664 libellas
467 2605 499 2663 et
511 2600 598 2680 fiant
611 2601 828 2680 constructor,
848 2606 879 2665 et
892 2603 928 2665 de
944 2601 1058 2664 iudicio
1073 2601 1201 2664 metueti-

81 2701 256 2772 tratrem
274 2711 420 2790 retract
432 2709 588 2772 rismum
602 2710 750 2774 irretire.
773 2708 969 2772 Prooemium
991 2707 1106 2789 incia:
1133 2705 1200 2769 «Si

82 2815 326 2880 »considerarem
342 2817 505 2899 ingenium
516 2823 549 2879 et
564 2835 639 2880 sane
651 2817 783 2880 scientie
795 2818 917 2899 pmpric
932 2816 1124 2892 facultatem,
1137 2835 1200 2878 non

82 2935 198 2984 »msam
213 2941 311 2987 ausus
325 2929 391 2986 tum
415 2923 534 3008 grande
549 2943 628 3006 opus
643 2943 800 2988 assumere
818 2969 1026 2988 .........
1052 2927 1123 2988 Ideo
1141 2945 1200 3009 ego

83 3049 94 3084 r
109 3029 251 3096 Roiredus
274 3033 350 3096 Pru·
364 3033 606 3097 Beneventanus
620 3035 660 3097 ad
680 3051 786 3115 preces
800 3041 833 3097 et
847 3035 1033 3097 instantiam
1048 3035 1201 3096 sociorum
1225 3118 1230 3128 Ι

82 3157 94 3192 r
108 3138 252 3204 nobilium
269 3143 307 3204 de
322 3141 464 3222 partibus
475 3141 597 3218 Tuscia,
610 3159 682 3205 cum
696 3161 797 3205 essem
810 3145 841 3204 in
857 3143 986 3205 civitate
997 3141 1202 3205 curialissima

11 3293 12 3304 2
82 3245 197 3311 »nobiii
212 3249 342 3314 Arentia
358 3248 488 3332 [Aratio]
505 3297 512 3312 .
527 3297 533 3311 .
548 3297 577 3313 ..
595 3271 624 3312 a.
641 3250 746 3314 Praeit
761 3250 841 3313 iciiis
856 3249 976 3313 duobus
992 3249 1133 3332 syllabus
1147 3251 1201 3313 de-

83 3367 137 3415 cem
150 3361 354 3420 tractatuum.

155 3465 281 3543 Auctor,
308 3472 405 3548 gente
430 3467 617 3550 Epiptcati,
645 3467 694 3529 rei
717 3467 753 3531 de
775 3466 962 3549 Epiphania,
992 3468 1041 3530 vel
1064 3467 1202 3551 Epipho-

11 3601 12 3680 ἦ
83 3570 150 3648 tide,
172 3573 270 3638 nobili
293 3592 408 3656 genere
431 3581 528 3652 crtus
552 3575 663 3638 studiis
685 3593 704 3636 a
727 3575 827 3655 prima
854 3567 955 3638 aetate
977 3573 1119 3639 incubuit
1141 3575 1201 3638 Bo-

83 3683 189 3759 noniae,
211 3701 308 3765 quam
330 3701 415 3746 anno
440 3683 523 3748 1215
546 3699 619 3746 cum
644 3683 748 3744 Aratio
773 3685 1000 3763 commutarit3
1024 3703 1106 3745 anno
1130 3703 1202 3746 vero

86 3784 155 3851 1220
177 3793 210 3854 in
234 3793 387 3856 comitatu
410 3791 559 3854 Friderici
583 3791 612 3852 II
635 3792 765 3853 Romam
788 3793 974 3867 accedentis,
998 3793 1117 3872 aliquot
1144 3809 1200 3852 an·

84 3897 123 3958 nis
141 3902 220 3981 apud
234 3901 321 3964 hunc
336 3903 528 3976 immoratur,
554 3901 623 3963 dein
640 3900 722 3982 apud
739 3899 927 3980 pontificem,
951 3917 1108 3980 quousque
1125 3899 1198 3960 rude

84 4003 200 4072 donatus
214 4010 278 4074 iere
301 4011 520 4092 octogenarius
544 4011 576 4070 in
593 4009 694 4090 patria
709 4005 863 4070 occubuit.
889 4008 973 4088 Opus
996 4007 1111 4087 plurios
1135 4005 1204 4067 edi-

86 4115 139 4176 tum
154 4123 209 4182 est.
