3338 5178
423 469 564 532 continet
579 471 732 529 trachiae
748 467 968 547 septemdecim
984 465 1023 528 de
1038 465 1173 528 Saturno
1184 484 1222 528 ac
1238 468 1304 528 eina
1322 483 1418 528 uxore
1426 471 1459 528 et
1474 467 1560 540 filiis,

424 579 549 652 lunone,
565 575 721 656 Neptuno,
738 574 877 649 Platone,
898 573 1092 654 Proserpina,
1111 572 1261 654 Apolline,
1279 573 1438 648 Mercurio,
1455 573 1562 636 Palla-

419 687 467 760 de,
481 685 609 758 Venere,
625 683 733 759 Marte,
749 681 864 758 Baoho,
878 681 1019 758 Hercule,
1032 682 1173 762 auguriis
1185 687 1218 743 et
1231 681 1398 756 veneficiis,
1411 699 1489 762 qnos
1503 701 1564 743 ex-

419 793 543 872 cipiunt
558 795 713 853 tractatus
736 795 800 852 tres
824 789 992 870 speciales:
1017 790 1178 852 duodecim
1198 790 1293 870 signa
1309 791 1477 851 secundnm
1502 790 1564 852 lai·

420 901 539 974 dorum,
556 899 730 962 sibillerum
745 899 922 978 descriptio,
938 899 1066 959 nomina
1079 897 1252 961 stellarum.
1268 897 1436 960 'l'ractatna
1452 899 1485 959 bi
1501 917 1562 961 no-

421 1026 492 1070 men
508 1009 718 1072 scintillarem
733 1007 917 1081 sortiuntur,
933 1006 953 1067 i.
969 1001 1082 1068 21-73.

511 1111 552 1176 b·
577 1111 761 1193 &malonia
774 1115 935 1189 salaciam
950 1114 1074 1176 homa
1097 1113 1179 1173 inc:
1208 1113 1448 1194 «Demogaron,
1473 1133 1562 1176 snm·

422 1243 438 1282 n
459 1241 529 1284 mus
543 1221 669 1282 deornm
686 1223 810 1302 genitor
825 1221 937 1301 gennit
953 1220 1097 1282 Orionem
1115 1265 1122 1280 .
1141 1265 1147 1278 .
1166 1267 1171 1280 .
1191 1239 1221 1294 a,
1238 1219 1257 1280 l.
1276 1217 1389 1282 aa-te.

508 1328 626 1390 Auctor
640 1329 769 1407 quiaque
788 1327 881 1390 inerit
896 1330 959 1407 qni,
983 1329 1015 1388 in
1039 1329 1070 1390 id
1094 1327 1291 1408 potissimum
1315 1327 1500 1390 incumbens
1525 1335 1562 1390 at

419 1437 543 1518 aliquae
556 1438 751 1519 innocentiae
766 1436 891 1500 artatae
897 1437 1026 1516 staffello
1037 1438 1234 1499 auctoritatis
1249 1437 1445 1516 aliquatenus
1460 1437 1561 1499 dimo-

420 1550 501 1620 veat,
517 1543 608 1624 plura
622 1562 642 1604 a
657 1543 811 1625 Remigio,
827 1543 980 1606 monacho
995 1541 1135 1606 coenobii
1158 1563 1182 1604 a.
1201 1542 1351 1605 Germani
1370 1543 1559 1604 antissiodo-

421 1652 519 1715 rensis
548 1650 589 1732 [a.
616 1650 705 1733 882],
729 1669 820 1730 quem
844 1652 923 1712 citat
949 1649 1136 1730 frequenter,
1164 1654 1325 1712 mutuatus
1351 1654 1410 1724 est,
1433 1650 1501 1712 eius
1524 1653 1561 1713 ira

418 1761 615 1823 Martiarum
633 1760 817 1840 Cappettam,
835 1759 991 1822 Donatum
1006 1764 1036 1821 et
1052 1759 1251 1821 Prisciaaom
1266 1756 1391 1818 ineditis
1409 1745 1561 1820 commea-

420 1870 526 1942 iuriis,
543 1871 627 1948 puto,
647 1867 794 1930 excussis.
812 1866 876 1928 Sub
892 1867 973 1928 fine:
991 1867 1130 1948 Eepir'cit
1144 1867 1220 1930 liter
1233 1866 1444 1928 enubilatam
1459 1871 1490 1927 et
1503 1883 1561 1944 pc-

419 1978 573 2057 aaalopiae
586 1977 748 2053 faborem
768 1977 903 2049 moram,
931 1973 1025 2049 1466,
1048 1977 1097 2039 dia
1121 1975 1140 2035 9
1163 1976 1315 2038 namne.
1339 1974 1434 2034 Manu
1457 1973 1562 2036 ultera

419 2086 578 2164 sequitur:
596 2082 748 2160 Simeonis
766 2084 895 2158 coroa,
911 2084 989 2164 qaod
1004 2101 1077 2164 apae
1093 2085 1209 2147 nemini
1228 2083 1294 2146 eolo
1309 2087 1339 2145 et
1355 2083 1438 2146 tabeo
1454 2089 1561 2147 marea

420 2193 615 2266 tradendara,
627 2197 663 2252 at
677 2193 895 2255 iusiurandum
911 2192 990 2276 mihi
1006 2192 1155 2256 traditam
1170 2209 1294 2254 seruare
1308 2191 1436 2254 raham.

509 2299 594 2371 Quod
612 2299 772 2379 singulare
787 2305 835 2360 est
858 2300 889 2362 id
905 2301 1046 2373 aestimo,
1070 2317 1148 2379 opus
1170 2301 1207 2362 ate
1225 2299 1435 2362 &meorum
1457 2299 1560 2378 raupi-

419 2407 571 2470 etratibae
586 2407 618 2466 in
635 2406 770 2468 editione
785 2405 900 2468 saeculi
915 2407 1141 2487 decimiquinti,
1153 2407 1220 2468 sine
1237 2405 1301 2467 ulla
1316 2411 1399 2482 nom,
1412 2407 1560 2468 concludi

420 2512 523 2576 libello
539 2512 655 2576 Albrici
679 2512 864 2593 philosophi,
888 2516 923 2578 da
945 2515 1131 2594 imapiaiiae
1152 2516 1286 2589 deornm,
1311 2516 1392 2576 inter
1414 2523 1561 2578 auctores

420 2620 670 2704 mythograpbcs
686 2621 800 2682 latinos
815 2621 955 2702 legendo.

508 2727 612 2790 Primo
635 2728 748 2790 codicis
772 2727 843 2790 lolio
867 2728 1002 2809 legitur:
1027 2729 1173 2792 hilerd.
1199 2727 1357 2803 damet,
1384 2731 1563 2793 cardinalia

420 2855 446 2898 a.
463 2837 574 2900 Marci.

464 3045 540 3118 dod.
555 3046 601 3117 64
617 3048 761 3133 membr,
777 3065 868 3121 saec.
885 3048 949 3135 xli,
966 3065 996 3118 a.
1012 3049 1090 3136 243,
1108 3050 1126 3117 l.
1149 3049 1210 3119 raa
1228 3049 1274 3132 [1..
1291 3049 1341 3134 ltl,
1358 3047 1460 3133 ditm.
1479 3049 1513 3118 f.

508 3264 618 3327 Leonis
633 3265 794 3348 Baptistae
812 3265 941 3342 hiberti,
958 3285 1086 3342 mamae,
1102 3269 1167 3330 sine
1181 3268 1218 3330 de
1229 3269 1380 3348 percipe,
1394 3265 1462 3327 libri
1479 3285 1561 3346 qna·

419 3380 499 3434 tuor.
515 3373 708 3436 Prooemium
727 3373 820 3453 incip.
836 3395 842 3432 :
868 3373 1044 3453 Principem
1060 3373 1263 3454 opificemque
1283 3393 1386 3436 rernm
1400 3375 1558 3454 optimum

419 3503 436 3540 a
456 3487 488 3544 et
503 3482 675 3543 maximum
691 3481 801 3555 Deum,
825 3499 897 3542 cnm
915 3480 1062 3560 pleraque
1077 3483 1183 3542 omnia
1205 3482 1410 3550 admiratione
1430 3483 1554 3562 dignis-

419 3610 436 3646 »
455 3590 535 3652 sima
551 3636 559 3652 .
576 3637 583 3652 .
602 3635 609 3652 .
627 3609 657 3664 a,
681 3589 758 3652 liber
775 3569 1001 3668 vcro‘primus:
1028 3611 1046 3648 c
1062 3588 1196 3652 Mirabar
1211 3590 1237 3650 si
1258 3590 1381 3669 quando
1397 3590 1480 3669 apud
1497 3607 1557 3649 nos

418 3719 434 3756 a
454 3697 587 3760 humiles
603 3697 749 3760 mortales
765 3699 796 3760 in
815 3697 881 3758 vita
895 3696 1036 3777 degenda
1054 3703 1248 3778 pugnantem
1265 3697 1399 3776 aliquam
1419 3745 1425 3758 .
1444 3744 1451 3758 .
1470 3743 1477 3757 .
1497 3715 1528 3757 n.

508 3807 622 3866 Auctor
637 3802 695 3865 sub
712 3804 793 3866 lovis
809 3822 941 3884 persona
961 3805 1133 3884 principem
1150 3805 1292 3885 pessimis
1307 3805 1555 3867 consiliariorum

372 3941 378 3952 ·
417 3915 449 3970 et
464 3915 693 3972 assentatorum
709 3910 829 3974 artibus
840 3913 1100 3988 circumventum,
1111 3913 1195 3973 inter
1208 3913 1284 3974 vitia
1299 3919 1331 3973 et
1344 3913 1478 3976 virtutes
1494 3932 1555 3974 nn·

418 4023 537 4080 tantem
559 4019 665 4098 sistit3
690 4020 756 4081 ideo
772 4038 860 4100 opus,
883 4039 966 4082 anno
986 4020 1065 4082 1451
1090 4021 1203 4082 Romae
1219 4027 1392 4095 exaratum,
1417 4023 1557 4083 Mamurra

418 4125 586 4205 appellavit
601 4127 683 4205 quod
707 4126 778 4188 huic
795 4147 866 4208 prae
882 4127 953 4190 aliis
968 4128 1154 4208 colloquenti
1175 4128 1283 4192 stilum
1300 4127 1455 4190 attribuat
1471 4149 1558 4191 mor-

417 4233 579 4296 daciorem.
605 4233 733 4297 lacobus
749 4235 934 4311 hiezechias,
952 4237 1004 4315 qui
1021 4237 1140 4316 primus
1155 4237 1251 4298 edidit
1266 4239 1391 4312 Roman,
1410 4256 1437 4297 a.
1457 4236 1554 4312 1520,

418 4341 476 4402 rite
492 4341 528 4402 de
544 4361 598 4404 co:
627 4341 718 4405 «list
734 4343 869 4424 prolecto
892 4343 950 4404 hoc
972 4362 1049 4422 opus
1072 4362 1142 4406 cum
1168 4344 1294 4424 plenum
1318 4349 1554 4423 praeceptorum
