3338 5178
1165 345 1207 416 ‘21

99 487 198 548 rribus
214 490 245 548 in
266 489 394 550 civitate
411 488 506 549 Feltri
528 506 637 549 sensus
653 494 684 546 et
701 488 826 547 auditus
843 486 899 546 fuit
917 507 969 566 pur
988 493 1084 547 totam
1102 489 1213 548 cirita-

95 603 186 670 ηοω,
199 602 231 656 et
247 597 287 657 de
303 597 485 658 summitate
501 595 628 656 ecclesia
644 597 726 656 santi
739 595 857 655 Stefani
873 597 989 656 corruit
1006 597 1130 675 quidam
1146 616 1210 657 ma-

95 725 194 785 ignus
210 705 302 785 lapis
328 705 396 786 Ego
421 704 574 766 Iohannes
596 705 734 764 notarius
758 705 795 764 da
812 703 1027 766 Vendramallo
1043 706 1081 766 de
1097 705 1214 767 Feltria

94 813 219 892 »scripsi
236 817 270 872 et
287 831 414 912 prason·
430 812 473 873 tui
489 821 522 874 ot
537 813 640 873 audivi
659 831 687 871 o.

108 1025 173 1095 tor.
188 1027 233 1094 27
251 1025 398 1112 membr„
414 1043 507 1098 atet.
525 1026 603 1111 xtv,
620 1041 650 1094 a.
667 1027 743 1114 32⁰,
760 1029 779 1096 Ι.
795 1023 862 1095 ato
879 1026 927 1110 [Ζ.
944 1026 978 1094 Ι..
996 1025 1114 1109 ΙῚΧΝ]1
1133 1026 1190 1094 Ya.

163 1245 195 1306 1:
213 1247 385 1307 Rolandini
402 1247 589 1326 paragorii,
606 1265 731 1323 aurora,
757 1249 850 1326 incip.
866 1269 871 1304 :
900 1267 917 1303 a
934 1245 1019 1308 Solet
1036 1253 1210 1306 aromatum

89 1371 174 1414 resae
187 1358 318 1428 natura,
334 1361 371 1415 ut
387 1355 480 1436 longe
495 1331 599 1436 magis
613 1359 749 1417 contrita
764 1355 922 1416 redoleant
940 1401 945 1415 .
967 1402 973 1414 .
991 1401 997 1414 .
1017 1375 1045 1415 a.
1131 1359 1147 1394 f
1205 1385 1209 1392 ·

158 1462 429 1524 Commentarium
463 1463 587 1526 tumme
614 1467 696 1528 ortis
721 1465 841 1526 aarum
866 1460 905 1523 ab
932 1463 1038 1523 eodem
1067 1463 1212 1543 capitulis

86 1569 175 1629 darem
191 1578 352 1646 exaratae,
369 1589 431 1632 non
448 1576 553 1633 tamen
571 1570 748 1634 absolutum
764 1573 908 1650 estquod
928 1571 1056 1632 dimidio
1073 1572 1210 1651 capitulo

87 1677 188 1754 quinto,
212 1678 234 1740 f.
261 1679 305 1740 52
322 1697 407 1741 verro
431 1681 656 1742 intermittatur
678 1679 811 1742 disticho
835 1680 948 1756 addito,
965 1680 1049 1740 lectu
1071 1679 1206 1741 interius.

87 1785 176 1864 Operis
200 1788 416 1850 oeconomiam
440 1788 484 1849 ita
512 1791 627 1868 passim
656 1789 688 1850 iu
712 1788 902 1869 praefatione
925 1793 1034 1850 auctor
1061 1791 1208 1850 excutit:

87 1893 191 1956 «Licet
213 1895 296 1956 mihi
319 1896 493 1957 Rolandino
508 1895 649 1960 Florecte
674 1895 753 1978 [eius
768 1897 901 1979 matris],
925 1899 1087 1976 utriusque
1108 1897 1208 1980 operis

84 2001 234 2083 utrumme
262 2010 296 2066 et
322 2005 444 2087 aurora]
478 2009 619 2068 inventio
647 2008 817 2069 secundum
849 2009 1024 2087 opinionem
1052 2007 1208 2087 publicam

84 2113 315 2189 uadscmbatur,
339 2131 399 2194 ego
421 2121 527 2176 tamen
551 2117 642 2177 extiti
664 2115 847 2196 simpliciter
869 2116 935 2177 eiua
959 2115 1064 2190 solius,
1089 2118 1140 2196 qui
1166 2115 1179 2175 f
1199 2149 1209 2160 -

85 2239 97 2276 r
113 2219 247 2284 tricatus
262 2227 313 2284 ast
327 2241 468 2286 auroram
487 2230 518 2286 et
542 2226 647 2299 solam,
670 2225 749 2286 fabri
765 2233 797 2286 ot
812 2225 940 2288 artificis
964 2227 1208 2288 instrumentum

84 2349 96 2383 a
112 2376 319 2392 .........
336 2333 436 2411 primo
453 2339 574 2394 textum
591 2322 759 2414 conscripsi
778 2382 985 2396 .........
1011 2336 1120 2396 deinde
1137 2341 1206 2414 post

85 2437 279 2500 »multorum
303 2457 456 2502 annorum
479 2443 642 2517 curricula,
667 2448 842 2522 presentem
858 2443 1053 2524 superaddidi
1078 2462 1207 2523 appara-

84 2551 173 2607 »tarn
189 2595 405 2612 .........
422 2551 554 2612 Domum
570 2552 717 2630 quoniam
735 2552 826 2614 rebus
842 2555 1064 2632 consequentia
1079 2555 1207 2614 nomina

84 2673 170 2718 »rasa
185 2658 312 2732 debent,
327 2661 437 2720 merito
453 2658 505 2720 hic
521 2658 597 2722 liber
613 2667 738 2740 propter
753 2663 866 2723 actoris
882 2661 1026 2723 effectum
1043 2679 1204 2742 nuncupa-

84 2767 156 2825 »tur
177 2785 308 2841 aurora,
336 2785 371 2828 eo
394 2769 475 2847 quod
498 2771 618 2830 notarie
642 2767 735 2832 huius
758 2771 835 2831 artis
860 2772 1041 2850 ignorancie
1064 2771 1208 2832 tenebras

82 2871 194 2955 »fugat
211 2895 242 2937 a.

156 2985 197 3072 2..
211 3019 299 3032 ---
314 2987 377 3065 stoa
397 2987 579 3050 ultimarum
603 2989 804 3050 automatum.
829 2989 947 3068 incip:
977 3011 991 3046 a
1010 2991 1158 3060 Quamvis
1175 2992 1204 3048 in

82 3093 272 3157 ¹’cuiuslibet
287 3094 417 3156 humani
441 3097 542 3176 operis
558 3095 690 3156 artificio
714 3097 888 3174 requiratur
913 3097 1040 3158 rationis
1064 3097 1205 3176 specuta-

83 3197 149 3260 atio
166 3247 173 3261 .
191 3247 197 3261 .
268 3249 275 3262 .
294 3221 324 3275 r,
342 3201 362 3263 f.
380 3201 493 3264 52-67.

157 3309 299 3390 Opellam
323 3311 368 3373 sic
391 3316 604 3392 nuncupatam
630 3314 661 3372 in
687 3313 841 3392 prooemio
861 3311 1003 3391 patribus
1025 3317 1054 3373 et
1073 3311 1206 3374 damiata

84 3417 146 3477 mir
159 3419 341 3497 quituadum
352 3437 392 3482 aa
402 3420 566 3494 fratribus
588 3423 690 3484 divini
711 3422 830 3484 ordiair
847 3421 1078 3482 Pedicatur-um
1096 3465 1205 3480 .....

84 3568 177 3587 ·····
194 3545 247 3607 aaa
262 3529 370 3607 fidelia
385 3531 544 3609 operarius
559 3536 657 3592 uerter
672 3531 880 3604 aureatam,
899 3529 1035 3592 Bouoate
1050 3530 1204 3602 notorior,

83 3628 151 3695 tear
162 3653 254 3716 reaper
268 3639 412 3700 attremit
426 3637 631 3718 deficientiam
646 3639 789 3702 arbitrata
804 3639 1035 3701 amenissimum
1046 3637 1156 3714 floram
1172 3639 1207 3698 dr

81 3746 168 3815 praru
189 3746 510 3809 excellentissimorum
525 3747 608 3810 tarta
623 3747 744 3808 romani
762 3745 1020 3826 phylosophorum
1035 3751 1065 3806 et
1082 3747 1205 3824 priuat-

82 3862 142 3922 prua
155 3855 356 3930 dotatam-arn,
373 3857 514 3919 uidelicet
529 3855 654 3929 Amata,
669 3854 812 3920 Accurrit
827 3861 857 3917 rt
874 3855 1018 3931 Odffrrda'
1033 3855 1116 3915 rotis
1123 3854 1203 3931 fida·

85 3955 145 4018 liter
158 3981 279 4045 earpm
294 3965 401 4027 studui
416 3971 444 4026 et
460 3965 567 4043 offerre
579 3981 596 4040 ;
610 3966 771 4045 excipiunt
787 3979 914 4025 versus:

228 4093 245 4130 r
263 4071 354 4134 Hunc
370 4073 460 4134 avida
475 4072 580 4134 florem
598 4075 770 4152 spirantem
786 4072 888 4134 thuris
903 4073 1025 4132 odoram

222 4201 240 4239 r>
261 4181 293 4240 si
310 4183 413 4260 corpis
429 4183 547 4254 dextra,
564 4181 714 4262 flagrabis
730 4183 816 4244 intus
831 4188 863 4242 et
880 4188 968 4241 extra
986 4201 1013 4238 ».

159 4287 273 4350 Auctor
290 4291 429 4352 notarius
438 4289 612 4364 Bononiae,
625 4289 789 4353 defunctus
801 4308 827 4352 a.
845 4289 939 4361 1300,
954 4290 984 4348 iu
1001 4307 1091 4367 opera
1108 4288 1204 4348 iustus

87 4397 239 4464 pertractat
255 4400 426 4479 capitulum
446 4399 568 4461 stamme
584 4405 738 4473 octavum,
757 4419 792 4458 aa
809 4399 942 4460 Notatur
958 4396 1103 4476 complet.
